
@article{ercan_using_2007,
	title = {Using lexical chains for keyword extraction},
	volume = {43},
	issn = {03064573},
	url = {http://linkinghub.elsevier.com/retrieve/pii/S0306457307000398},
	doi = {10.1016/j.ipm.2007.01.015},
	language = {en},
	number = {6},
	urldate = {2018-10-04},
	journal = {Information Processing \& Management},
	author = {Ercan, Gonenc and Cicekli, Ilyas},
	month = nov,
	year = {2007},
	keywords = {decision tree, supervised, kpe},
	pages = {1705--1714},
}

@article{barzilay_lexical_1997,
	title = {Lexical {Chains} for {Summarization}},
	language = {en},
	author = {Barzilay, Regina},
	year = {1997},
	keywords = {lexical chain},
	pages = {95},
}

@article{matsuo_keyword_2004,
	title = {Keyword {Extraction} from a {Single} {Document} {Using} {Word} {Co}-occurrence {Statistical} {Information}},
	volume = {13},
	issn = {0218-2130, 1793-6349},
	url = {http://www.worldscientific.com/doi/abs/10.1142/S0218213004001466},
	doi = {10.1142/S0218213004001466},
	language = {en},
	number = {01},
	urldate = {2018-10-04},
	journal = {International Journal on Artificial Intelligence Tools},
	author = {Matsuo, Y. and Ishizuka, M.},
	month = mar,
	year = {2004},
	keywords = {kpe},
	pages = {157--169},
	}

@inproceedings{liu_clustering_2009,
	address = {Singapore},
	title = {Clustering to find exemplfar terms for keyphrase extraction},
	volume = {1},
	isbn = {978-1-932432-59-6},
	url = {http://portal.acm.org/citation.cfm?doid=1699510.1699544},
	doi = {10.3115/1699510.1699544},
	language = {en},
	urldate = {2018-10-04},
	booktitle = {Proceedings of the 2009 {Conference} on {Empirical} {Methods} in {Natural} {Language} {Processing} {Volume} 1 - {EMNLP} '09},
	publisher = {Association for Computational Linguistics},
	author = {Liu, Zhiyuan and Li, Peng and Zheng, Yabin and Sun, Maosong},
	year = {2009},
	keywords = {kpe},
	pages = {257},
}

@inproceedings{jiang_ranking_2009,
	address = {Boston, MA, USA},
	title = {A ranking approach to keyphrase extraction},
	isbn = {978-1-60558-483-6},
	url = {http://portal.acm.org/citation.cfm?doid=1571941.1572113},
	doi = {10.1145/1571941.1572113},
	language = {en},
	urldate = {2018-10-04},
	booktitle = {Proceedings of the 32nd international {ACM} {SIGIR} conference on {Research} and development in information retrieval - {SIGIR} '09},
	publisher = {ACM Press},
	author = {Jiang, Xin and Hu, Yunhua and Li, Hang},
	year = {2009},
	keywords = {tagging, kpe},
	pages = {756},
}

@inproceedings{mihalcea_textrank:_2004,
	address = {Barcelona, Spain},
	title = {{TextRank}: {Bringing} {Order} into {Texts}},
	language = {en},
	booktitle = {Proceedings of \{{EMNLP}-04\}and the 2004 {Conference} on {Empirical} {Methods} 	in {Natural} {Language} {Processing}},
	author = {Mihalcea, Rada and Tarau, Paul},
	year = {2004},
	keywords = {graph, kpe},
	pages = {8},
}

@inproceedings{hasan_automatic_2014,
	address = {Baltimore, Maryland},
	title = {Automatic {Keyphrase} {Extraction}: {A} {Survey} of the {State} of the {Art}},
	shorttitle = {Automatic {Keyphrase} {Extraction}},
	url = {http://aclweb.org/anthology/P14-1119},
	doi = {10.3115/v1/P14-1119},
	language = {en},
	urldate = {2018-10-10},
	booktitle = {Proceedings of the 52nd {Annual} {Meeting} of the {Association} for {Computational} {Linguistics} ({Volume} 1: {Long} {Papers})},
	publisher = {Association for Computational Linguistics},
	author = {Hasan, Kazi Saidul and Ng, Vincent},
	year = {2014},
	keywords = {meta},
	pages = {1262--1273},
}

@article{harastani_identification_2013,
	title = {Identification, alignement, et traductions des adjectifs relationnels en corpus comparables},
	language = {fr},
	author = {Harastani, Rima and Daille, Beatrice and Morin, Emmanuel},
	year = {2013},
	pages = {15},
}

@inproceedings{hulth_improved_2003,
	address = {Not Known},
	title = {Improved automatic keyword extraction given more linguistic knowledge},
	volume = {10},
	url = {http://portal.acm.org/citation.cfm?doid=1119355.1119383},
	doi = {10.3115/1119355.1119383},
	language = {en},
	urldate = {2018-10-11},
	booktitle = {Proceedings of the 2003 conference on {Empirical} methods in natural language processing  -},
	publisher = {Association for Computational Linguistics},
	author = {Hulth, Anette},
	year = {2003},
	keywords = {kpe},
	pages = {216--223},
}

@inproceedings{tomokiyo_language_2003,
	address = {Not Known},
	title = {A language model approach to keyphrase extraction},
	volume = {18},
	url = {http://portal.acm.org/citation.cfm?doid=1119282.1119287},
	doi = {10.3115/1119282.1119287},
	language = {en},
	urldate = {2018-10-12},
	booktitle = {Proceedings of the {ACL} 2003 workshop on {Multiword} expressions analysis, acquisition and treatment -},
	publisher = {Association for Computational Linguistics},
	author = {Tomokiyo, Takashi and Hurst, Matthew},
	year = {2003},
	keywords = {language model, kpe},
	pages = {33--40},
}

@article{zhang_wordtopic-multirank:_2013,
	title = {{WordTopic}-{MultiRank}: {A} {New} {Method} for {Automatic} {Keyphrase} {Extraction}},
	language = {en},
	author = {Zhang, Fan and Huang, Lian'en and Peng, Bo},
	year = {2013},
	keywords = {lda, graph, kpe},
	pages = {9},
}

@inproceedings{gillick_multilingual_2016,
	address = {San Diego, California},
	title = {Multilingual {Language} {Processing} {From} {Bytes}},
	url = {http://aclweb.org/anthology/N16-1155},
	doi = {10.18653/v1/N16-1155},
	language = {en},
	urldate = {2018-10-16},
	booktitle = {Proceedings of the 2016 {Conference} of the {North} {American} {Chapter} of the {Association} for {Computational} {Linguistics}: {Human} {Language} {Technologies}},
	publisher = {Association for Computational Linguistics},
	author = {Gillick, Dan and Brunk, Cliff and Vinyals, Oriol and Subramanya, Amarnag},
	year = {2016},
	pages = {1296--1306},
}

@article{ding_keyphrase_2011,
	title = {Keyphrase {Extraction} from {Online} {News} {Using} {Binary} {Integer} {Programming}},
	language = {en},
	author = {Ding, Zhuoye and Zhang, Qi and Huang, Xuanjing},
	year = {2011},
	keywords = {lda, kpe},
	pages = {9},
}

@inproceedings{chen_keyphrase_2018,
	address = {Brussels, Belgium},
	title = {Keyphrase {Generation} with {Correlation} {Constraints}},
	url = {http://arxiv.org/abs/1808.07185},
	language = {en},
	urldate = {2018-10-25},
	booktitle = {Proceedings of the 2018 {Conference} on {Empirical} {Methods} in {Natural} {Language} {Processing}},
	publisher = {Association for Computational Linguistics},
	author = {Chen, Jun and Zhang, Xiaoming and Wu, Yu and Yan, Zhao and Li, Zhoujun},
	month = aug,
	year = {2018},
	keywords = {generation, o2m, code},
}

@article{papagiannopoulou_local_2018,
	title = {Local word vectors guiding keyphrase extraction},
	volume = {54},
	issn = {0306-4573},
	url = {http://www.sciencedirect.com/science/article/pii/S0306457317308427},
	doi = {10.1016/j.ipm.2018.06.004},
	number = {6},
	urldate = {2018-10-25},
	journal = {Information Processing \& Management},
	author = {Papagiannopoulou, Eirini and Tsoumakas, Grigorios},
	month = nov,
	year = {2018},
	keywords = {kpe},
	pages = {888--902},
}

@article{habibi_diverse_2013,
	title = {Diverse {Keyword} {Extraction} from {Conversations}},
	language = {en},
	author = {Habibi, Maryam and Popescu-Belis, Andrei},
	year = {2013},
	keywords = {kpe},
	pages = {7},
}

@inproceedings{wan_collabrank:_2008,
	address = {Manchester, United Kingdom},
	title = {{CollabRank}: towards a collaborative approach to single-document keyphrase extraction},
	volume = {1},
	isbn = {978-1-905593-44-6},
	shorttitle = {{CollabRank}},
	url = {http://portal.acm.org/citation.cfm?doid=1599081.1599203},
	doi = {10.3115/1599081.1599203},
	language = {en},
	urldate = {2018-11-03},
	booktitle = {Proceedings of the 22nd {International} {Conference} on {Computational} {Linguistics} - {COLING} '08},
	publisher = {Association for Computational Linguistics},
	author = {Wan, Xiaojun and Xiao, Jianguo},
	year = {2008},
	keywords = {graph, kpe},
	pages = {969--976},
}

@inproceedings{narayan_dont_2018,
	address = {Brussels, Belgium},
	title = {Don't {Give} {Me} the {Details}, {Just} the {Summary}! {Topic}-{Aware} {Convolutional} {Neural} {Networks} for {Extreme} {Summarization}},
	url = {http://www.aclweb.org/anthology/D18-1206},
	urldate = {2018-11-03},
	booktitle = {Proceedings of the 2018 {Conference} on {Empirical} {Methods} in {Natural} {Language} {Processing}},
	publisher = {Association for Computational Linguistics},
	author = {Narayan, Shashi and Cohen, Shay B. and Lapata, Mirella},
	month = nov,
	year = {2018},
	pages = {1797--1807},
}

@inproceedings{wang_neural_2018,
	address = {Brussels, Belgium},
	title = {Neural {Related} {Work} {Summarization} with a {Joint} {Context}-driven {Attention} {Mechanism}},
	url = {http://www.aclweb.org/anthology/D18-1204},
	urldate = {2018-11-03},
	booktitle = {Proceedings of the 2018 {Conference} on {Empirical} {Methods} in {Natural} {Language} {Processing}},
	publisher = {Association for Computational Linguistics},
	author = {Wang, Yongzhen and Liu, Xiaozhong and Gao, Zheng},
	month = nov,
	year = {2018},
	pages = {1776--1786},
}

@inproceedings{boudin_unsupervised_2018,
	title = {Unsupervised {Keyphrase} {Extraction} with {Multipartite} {Graphs}},
	url = {http://arxiv.org/abs/1803.08721},
	urldate = {2018-11-03},
	booktitle = {Proceedings of {NAACL}-{HLT} 2018},
	publisher = {Association for Computational Linguistics},
	author = {Boudin, Florian},
	month = mar,
	year = {2018},
	keywords = {graph, unsupervised, kpe},
}

@inproceedings{bennani-smires_simple_2018,
	address = {Brussels, Belgium},
	title = {Simple {Unsupervised} {Keyphrase} {Extraction} using {Sentence} {Embeddings}},
	url = {http://www.aclweb.org/anthology/K18-1022},
	urldate = {2018-10-31},
	booktitle = {Proceedings of the 22nd {Conference} on {Computational} {Natural} {Language} {Learning}},
	publisher = {Association for Computational Linguistics},
	author = {Bennani-Smires, Kamil and Musat, Claudiu and Hossmann, Andreea and Baeriswyl, Michael and Jaggi, Martin},
	month = oct,
	year = {2018},
	keywords = {embedding, unsupervised, kpe},
	pages = {221--229},
}

@inproceedings{sterckx_topical_2015,
	address = {Florence, Italy},
	title = {Topical {Word} {Importance} for {Fast} {Keyphrase} {Extraction}},
	isbn = {978-1-4503-3473-0},
	url = {http://dl.acm.org/citation.cfm?doid=2740908.2742730},
	doi = {10.1145/2740908.2742730},
	language = {en},
	urldate = {2018-11-08},
	booktitle = {Proceedings of the 24th {International} {Conference} on {World} {Wide} {Web} - {WWW} '15 {Companion}},
	publisher = {ACM Press},
	author = {Sterckx, Lucas and Demeester, Thomas and Deleu, Johannes and Develder, Chris},
	year = {2015},
	keywords = {lda, kpe},
	pages = {121--122},
}

@inproceedings{bahdanau_neural_2014,
	title = {Neural {Machine} {Translation} by {Jointly} {Learning} to {Align} and {Translate}},
	url = {http://arxiv.org/abs/1409.0473},
	language = {en},
	urldate = {2018-11-19},
	booktitle = {Proceedings of the 2015 {International} {Conference} on {Learning} {Representations} ({ICLR})},
	author = {Bahdanau, Dzmitry and Cho, Kyunghyun and Bengio, Yoshua},
	month = sep,
	year = {2014},
}

@inproceedings{witten_kea:_1999,
	address = {Berkeley, California, United States},
	title = {{KEA}: practical automatic keyphrase extraction},
	isbn = {978-1-58113-145-1},
	shorttitle = {{KEA}},
	url = {http://portal.acm.org/citation.cfm?doid=313238.313437},
	doi = {10.1145/313238.313437},
	language = {en},
	urldate = {2018-12-03},
	booktitle = {Proceedings of the fourth {ACM} conference on {Digital} libraries  - {DL} '99},
	publisher = {ACM Press},
	author = {Witten, Ian H. and Paynter, Gordon W. and Frank, Eibe and Gutwin, Carl and Nevill-Manning, Craig G.},
	year = {1999},
	keywords = {supervised, kpe},
	pages = {254--255},
}

@inproceedings{zhang_keyphrase_2016,
	address = {Austin, Texas},
	title = {Keyphrase {Extraction} {Using} {Deep} {Recurrent} {Neural} {Networks} on {Twitter}},
	url = {http://aclweb.org/anthology/D16-1080},
	doi = {10.18653/v1/D16-1080},
	language = {en},
	urldate = {2018-12-03},
	booktitle = {Proceedings of the 2016 {Conference} on {Empirical} {Methods} in {Natural}           {Language} {Processing}},
	publisher = {Association for Computational Linguistics},
	author = {Zhang, Qi and Wang, Yang and Gong, Yeyun and Huang, Xuanjing},
	year = {2016},
	keywords = {extraction},
	pages = {836--845},
}

@article{hasan_conundrums_2010,
	title = {Conundrums in {Unsupervised} {Keyphrase} {Extraction}: {Making} {Sense} of the {State}-of-the-{Art}},
	language = {en},
	author = {Hasan, Kazi Saidul and Ng, Vincent},
	year = {2010},
	keywords = {meta},
	pages = {9},
}

@article{schuster_bidirectional_1997,
	title = {Bidirectional recurrent neural networks},
	volume = {45},
	issn = {1053587X},
	url = {http://ieeexplore.ieee.org/document/650093/},
	doi = {10.1109/78.650093},
	language = {en},
	number = {11},
	urldate = {2018-12-05},
	journal = {IEEE Transactions on Signal Processing},
	author = {Schuster, M. and Paliwal, K.K.},
	month = nov,
	year = {1997},
	pages = {2673--2681},
}

@article{salton_vector_1975,
	title = {A vector space model for automatic indexing},
	volume = {18},
	issn = {0001-0782},
	url = {http://dl.acm.org/citation.cfm?id=361219.361220},
	doi = {10.1145/361219.361220},
	number = {11},
	urldate = {2018-12-06},
	journal = {Communications of the ACM},
	author = {Salton, G. and Wong, A. and Yang, C. S.},
	month = jan,
	year = {1975},
	pages = {613--620},
}

@inproceedings{boudin_comparison_2013,
	title = {A {Comparison} of {Centrality} {Measures} for {Graph}-{Based} {Keyphrase} {Extraction}},
	url = {https://hal.archives-ouvertes.fr/hal-00850187/document},
	language = {en},
	urldate = {2018-12-06},
	author = {Boudin, Florian},
	month = oct,
	year = {2013},
	keywords = {graph, meta},
	pages = {834--838},
}

@inproceedings{bougouin_topicrank:_2013,
	address = {Nagoya, Japan},
	title = {{TopicRank}: {Graph}-{Based} {Topic} {Ranking} for {Keyphrase} {Extraction}},
	shorttitle = {{TopicRank}},
	url = {https://hal.archives-ouvertes.fr/hal-00917969},
	urldate = {2018-12-06},
	booktitle = {International {Joint} {Conference} on {Natural} {Language} {Processing} ({IJCNLP})},
	author = {Bougouin, Adrien and Boudin, Florian and Daille, Béatrice},
	month = oct,
	year = {2013},
	keywords = {graph, kpe},
	pages = {543--551},
}

@inproceedings{augenstein_semeval_2017,
	address = {Vancouver, Canada},
	title = {{SemEval} 2017 {Task} 10: {ScienceIE} - {Extracting} {Keyphrases} and {Relations} from {Scientific} {Publications}},
	shorttitle = {{SemEval} 2017 {Task} 10},
	url = {http://arxiv.org/abs/1704.02853},
	language = {en},
	urldate = {2018-12-18},
	booktitle = {Proceedings of the 11th {International} {Workshop} on {Semantic} {Evaluations} ({SemEval}-2017)},
	publisher = {Association for Computational Linguistics},
	author = {Augenstein, Isabelle and Das, Mrinal and Riedel, Sebastian and Vikraman, Lakshmi and McCallum, Andrew},
	month = apr,
	year = {2017},
	keywords = {kpe},
}

@inproceedings{kim_semeval-2010_2010,
	address = {Stroudsburg, PA, USA},
	series = {{SemEval} '10},
	title = {{SemEval}-2010 {Task} 5: {Automatic} {Keyphrase} {Extraction} from {Scientific} {Articles}},
	shorttitle = {{SemEval}-2010 {Task} 5},
	url = {http://dl.acm.org/citation.cfm?id=1859664.1859668},
	urldate = {2018-12-18},
	booktitle = {Proceedings of the 5th {International} {Workshop} on {Semantic} {Evaluation}},
	publisher = {Association for Computational Linguistics},
	author = {Kim, Su Nam and Medelyan, Olena and Kan, Min-Yen and Baldwin, Timothy},
	year = {2010},
	keywords = {dataset},
	pages = {21--26},
}

@inproceedings{liu_automatic_2011,
	address = {Stroudsburg, PA, USA},
	series = {{CoNLL} '11},
	title = {Automatic {Keyphrase} {Extraction} by {Bridging} {Vocabulary} {Gap}},
	isbn = {978-1-932432-92-3},
	url = {http://dl.acm.org/citation.cfm?id=2018936.2018952},
	urldate = {2018-12-18},
	booktitle = {Proceedings of the {Fifteenth} {Conference} on {Computational} {Natural} {Language} {Learning}},
	publisher = {Association for Computational Linguistics},
	author = {Liu, Zhiyuan and Chen, Xinxiong and Zheng, Yabin and Sun, Maosong},
	year = {2011},
	keywords = {supervised, kpe},
	pages = {135--144},
}

@inproceedings{liu_automatic_2010,
	address = {Stroudsburg, PA, USA},
	series = {{EMNLP} '10},
	title = {Automatic {Keyphrase} {Extraction} via {Topic} {Decomposition}},
	url = {http://dl.acm.org/citation.cfm?id=1870658.1870694},
	urldate = {2018-12-18},
	booktitle = {Proceedings of the 2010 {Conference} on {Empirical} {Methods} in {Natural} {Language} {Processing}},
	publisher = {Association for Computational Linguistics},
	author = {Liu, Zhiyuan and Huang, Wenyi and Zheng, Yabin and Sun, Maosong},
	year = {2010},
	keywords = {lda, graph, kpe},
	pages = {366--376},
}

@article{yao_graph_2018,
	title = {Graph {Convolutional} {Networks} for {Text} {Classification}},
	url = {https://arxiv.org/abs/1809.05679},
	language = {en},
	urldate = {2018-12-20},
	author = {Yao, Liang and Mao, Chengsheng and Luo, Yuan},
	month = sep,
	year = {2018},
	keywords = {gcn},
}

@incollection{vinyals_pointer_2015,
	title = {Pointer {Networks}},
	url = {http://papers.nips.cc/paper/5866-pointer-networks.pdf},
	urldate = {2018-12-20},
	booktitle = {Advances in {Neural} {Information} {Processing} {Systems} 28},
	publisher = {Curran Associates, Inc.},
	author = {Vinyals, Oriol and Fortunato, Meire and Jaitly, Navdeep},
	editor = {Cortes, C. and Lawrence, N. D. and Lee, D. D. and Sugiyama, M. and Garnett, R.},
	year = {2015},
	pages = {2692--2700},
}

@inproceedings{basaldella_evaluating_2016,
	address = {Osaka, Japan},
	title = {Evaluating anaphora and coreference resolution to improve automatic keyphrase extraction},
	language = {en},
	booktitle = {In {Proceedings} of {COLING} 2016, 26th {International} {Conference} on {Computational} {Linguistics}},
	author = {Basaldella, Marco and Chiaradia, Giorgia and Tasso, Carlo},
	year = {2016},
	keywords = {kpe},
	pages = {11},
}

@article{lopez_humb:_2010,
	title = {{HUMB}: {Automatic} key term extraction from scientific articles in {GROBID}},
	language = {en},
	author = {Lopez, Patrice and Romary, Laurent},
	year = {2010},
	keywords = {kpe},
	pages = {4},
}

@inproceedings{medelyan_human-competitive_2009,
	address = {Stroudsburg, PA, USA},
	series = {{EMNLP} '09},
	title = {Human-competitive {Tagging} {Using} {Automatic} {Keyphrase} {Extraction}},
	isbn = {978-1-932432-63-3},
	url = {http://dl.acm.org/citation.cfm?id=1699648.1699678},
	urldate = {2019-01-23},
	booktitle = {Proceedings of the 2009 {Conference} on {Empirical} {Methods} in {Natural} {Language} {Processing}: {Volume} 3 - {Volume} 3},
	publisher = {Association for Computational Linguistics},
	author = {Medelyan, Olena and Frank, Eibe and Witten, Ian H.},
	year = {2009},
	keywords = {kpe},
	pages = {1318--1327},
}

@article{salton_term-weighting_1988,
	title = {Term-weighting approaches in automatic text retrieval},
	volume = {24},
	issn = {0306-4573},
	url = {http://www.sciencedirect.com/science/article/pii/0306457388900210},
	doi = {10.1016/0306-4573(88)90021-0},
	number = {5},
	urldate = {2019-01-24},
	journal = {Information Processing \& Management},
	author = {Salton, Gerard and Buckley, Christopher},
	month = jan,
	year = {1988},
	pages = {513--523},
}

@inproceedings{bougouin_termith-eval:_2016,
	address = {Potoroz, Slovenia},
	title = {{TermITH}-{Eval}: a {French} {Standard}-{Based} {Resource} for {Keyphrase} {Extraction} {Evaluation}},
	shorttitle = {{TermITH}-{Eval}},
	url = {https://hal.archives-ouvertes.fr/hal-01693805},
	urldate = {2019-01-24},
	booktitle = {{LREC} - {Language} {Resources} and {Evaluation} {Conference}},
	author = {Bougouin, Adrien and Barreaux, Sabine and Romary, Laurent and Boudin, Florian and Daille, Béatrice},
	month = may,
	year = {2016},
	keywords = {dataset},
}

@inproceedings{wan_single_2008,
	address = {Chicago, Illinois},
	series = {{AAAI}'08},
	title = {Single {Document} {Keyphrase} {Extraction} {Using} {Neighborhood} {Knowledge}},
	isbn = {978-1-57735-368-3},
	url = {http://dl.acm.org/citation.cfm?id=1620163.1620205},
	urldate = {2019-01-27},
	booktitle = {Proceedings of the 23rd {National} {Conference} on {Artificial} {Intelligence} - {Volume} 2},
	publisher = {AAAI Press},
	author = {Wan, Xiaojun and Xiao, Jianguo},
	year = {2008},
	keywords = {graph, kpe},
	pages = {855--860},
}

@book{gollapalli_proceedings_2015,
	address = {Beijing, China},
	title = {Proceedings of the {ACL} 2015 {Workshop} on {Novel} {Computational} {Approaches} to {Keyphrase} {Extraction}},
	url = {http://www.aclweb.org/anthology/W15-36},
	urldate = {2019-01-27},
	publisher = {Association for Computational Linguistics},
	editor = {Gollapalli, Sujatha Das and Caragea, Cornelia and Li, Xiaoli and Giles, C. Lee},
	month = jul,
	year = {2015},
}

@inproceedings{tuarob_twittdict:_2015,
	address = {Beijing, China},
	title = {{TwittDict}: {Extracting} {Social} {Oriented} {Keyphrase} {Semantics} from {Twitter}},
	shorttitle = {{TwittDict}},
	url = {http://www.aclweb.org/anthology/W15-3606},
	urldate = {2019-01-27},
	booktitle = {Proceedings of the {ACL} 2015 {Workshop} on {Novel} {Computational} {Approaches} to {Keyphrase} {Extraction}},
	publisher = {Association for Computational Linguistics},
	author = {Tuarob, Suppawong and Chu, Wanghuan and Chen, Dong and Tucker, Conrad},
	month = jul,
	year = {2015},
	pages = {25--31},
}

@inproceedings{nakov_web_2015,
	address = {Beijing, China},
	title = {The {Web} as an {Implicit} {Training} {Set}: {Application} to {Noun} {Compounds} {Syntax} and {Semantics}},
	shorttitle = {The {Web} as an {Implicit} {Training} {Set}},
	url = {http://www.aclweb.org/anthology/W15-3604},
	urldate = {2019-01-27},
	booktitle = {Proceedings of the {ACL} 2015 {Workshop} on {Novel} {Computational} {Approaches} to {Keyphrase} {Extraction}},
	publisher = {Association for Computational Linguistics},
	author = {Nakov, Preslav},
	month = jul,
	year = {2015},
	pages = {18},
}

@inproceedings{norman_technical_2015,
	address = {Beijing, China},
	title = {Technical {Term} {Extraction} {Using} {Measures} of {Neology}},
	url = {http://www.aclweb.org/anthology/W15-3602},
	urldate = {2019-01-27},
	booktitle = {Proceedings of the {ACL} 2015 {Workshop} on {Novel} {Computational} {Approaches} to {Keyphrase} {Extraction}},
	publisher = {Association for Computational Linguistics},
	author = {Norman, Christopher and Aizawa, Akiko},
	month = jul,
	year = {2015},
	pages = {2--9},
}

@inproceedings{paul_identification_2015,
	address = {Beijing, China},
	title = {Identification and {Classification} of {Emotional} {Key} {Phrases} from {Psychological} {Texts}},
	url = {http://www.aclweb.org/anthology/W15-3607},
	urldate = {2019-01-27},
	booktitle = {Proceedings of the {ACL} 2015 {Workshop} on {Novel} {Computational} {Approaches} to {Keyphrase} {Extraction}},
	publisher = {Association for Computational Linguistics},
	author = {Paul, Apurba and Das, Dipankar},
	month = jul,
	year = {2015},
	pages = {32--38},
}

@inproceedings{boudin_reducing_2015,
	address = {Beijing, China},
	title = {Reducing {Over}-generation {Errors} for {Automatic} {Keyphrase} {Extraction} using {Integer} {Linear} {Programming}},
	url = {http://www.aclweb.org/anthology/W15-3605},
	urldate = {2019-01-27},
	booktitle = {Proceedings of the {ACL} 2015 {Workshop} on {Novel} {Computational} {Approaches} to {Keyphrase} {Extraction}},
	publisher = {Association for Computational Linguistics},
	author = {Boudin, Florian},
	month = jul,
	year = {2015},
	keywords = {meta},
	pages = {19--24},
}

@inproceedings{kan_keywords_2015,
	address = {Beijing, China},
	title = {Keywords, phrases, clauses and sentences: topicality, indicativeness and informativeness at scales},
	shorttitle = {Keywords, phrases, clauses and sentences},
	url = {http://www.aclweb.org/anthology/W15-3601},
	urldate = {2019-01-27},
	booktitle = {Proceedings of the {ACL} 2015 {Workshop} on {Novel} {Computational} {Approaches} to {Keyphrase} {Extraction}},
	publisher = {Association for Computational Linguistics},
	author = {Kan, Min-Yen},
	month = jul,
	year = {2015},
	pages = {1},
}

@inproceedings{frank_domain-specific_1999,
	title = {Domain-specific keyphrase extraction},
	volume = {Volume 2},
	url = {https://researchcommons.waikato.ac.nz/handle/10289/1508},
	language = {en},
	urldate = {2019-01-28},
	booktitle = {16th {International} {Joint} {Conference} on {Artificial} {Intelligence} ({IJCAI} 99)},
	publisher = {Morgan Kaufmann Publishers Inc., San Francisco, CA, USA},
	author = {Frank, Eibe and Paynter, Gordon W. and Witten, Ian H. and Gutwin, Carl and Nevill-Manning, Craig G.},
	year = {1999},
	keywords = {kpe},
	pages = {668--673},
}

@inproceedings{bougouin_keyphrase_2016,
	address = {Osaka, Japan},
	title = {Keyphrase {Annotation} with {Graph} {Co}-{Ranking}},
	url = {http://arxiv.org/abs/1611.02007},
	urldate = {2019-01-28},
	booktitle = {Proceedings of {COLING} 2016, the 26th {International} {Conference} on {Computational} {Linguistics}: {Technical} {Papers}},
	author = {Bougouin, Adrien and Boudin, Florian and Daille, Béatrice},
	month = nov,
	year = {2016},
	note = {arXiv: 1611.02007},
	keywords = {supervised, kpe},
}

@article{boudin_how_2016,
	title = {How {Document} {Pre}-processing affects {Keyphrase} {Extraction} {Performance}},
	language = {en},
	journal = {In Proceedings of the 2nd Workshop on Noisy User-generated Text (WNUT)},
	author = {Boudin, Florian and Mougard, Hugo and Cram, Damien},
	year = {2016},
	keywords = {meta},
	pages = {8},
}

@article{sarkar_new_2010,
	title = {A {New} {Approach} to {Keyphrase} {Extraction} {Using} {Neural} {Networks}},
	volume = {7},
	url = {http://arxiv.org/abs/1004.3274},
	number = {2},
	urldate = {2019-02-01},
	journal = {International Journal of Computer Science Issues},
	author = {Sarkar, Kamal and Nasipuri, Mita and Ghose, Suranjan},
	month = apr,
	year = {2010},
	note = {arXiv: 1004.3274},
	keywords = {kpe},
}

@inproceedings{gollapalli_extracting_2014,
	title = {Extracting {Keyphrases} from {Research} {Papers} {Using} {Citation} {Networks}},
	copyright = {Authors who publish a paper in this conference agree to the following terms:   Author(s) agree to transfer their copyrights in their article/paper to the Association for the Advancement of Artificial Intelligence (AAAI), in order to deal with future requests for reprints, translations, anthologies, reproductions, excerpts, and other publications. This grant will include, without limitation, the entire copyright in the article/paper in all countries of the world, including all renewals, extensions, and reversions thereof, whether such rights current exist or hereafter come into effect, and also the exclusive right to create electronic versions of the article/paper, to the extent that such right is not subsumed under copyright.  The author(s) warrants that they are the sole author and owner of the copyright in the above article/paper, except for those portions shown to be in quotations; that the article/paper is original throughout; and that the undersigned right to make the grants set forth above is complete and unencumbered.  The author(s) agree that if anyone brings any claim or action alleging facts that, if true, constitute a breach of any of the foregoing warranties, the author(s) will hold harmless and indemnify AAAI, their grantees, their licensees, and their distributors against any liability, whether under judgment, decree, or compromise, and any legal fees and expenses arising out of that claim or actions, and the undersigned will cooperate fully in any defense AAAI may make to such claim or action. Moreover, the undersigned agrees to cooperate in any claim or other action seeking to protect or enforce any right the undersigned has granted to AAAI in the article/paper. If any such claim or action fails because of facts that constitute a breach of any of the foregoing warranties, the undersigned agrees to reimburse whomever brings such claim or action for expenses and attorneys’ fees incurred therein.  Author(s) retain all proprietary rights other than copyright (such as patent rights).  Author(s) may make personal reuse of all or portions of the above article/paper in other works of their own authorship.  Author(s) may reproduce, or have reproduced, their article/paper for the author’s personal use, or for company use provided that AAAI copyright and the source are indicated, and that the copies are not used in a way that implies AAAI endorsement of a product or service of an employer, and that the copies per se are not offered for sale. The foregoing right shall not permit the posting of the article/paper in electronic or digital form on any computer network, except by the author or the author’s employer, and then only on the author’s or the employer’s own web page or ftp site. Such web page or ftp site, in addition to the aforementioned requirements of this Paragraph, must provide an electronic reference or link back to the AAAI electronic server, and shall not post other AAAI copyrighted materials not of the author’s or the employer’s creation (including tables of contents with links to other papers) without AAAI’s written permission.  Author(s) may make limited distribution of all or portions of their article/paper prior to publication.  In the case of work performed under U.S. Government contract, AAAI grants the U.S. Government royalty-free permission to reproduce all or portions of the above article/paper, and to authorize others to do so, for U.S. Government purposes.  In the event the above article/paper is not accepted and published by AAAI, or is withdrawn by the author(s) before acceptance by AAAI, this agreement becomes null and void.},
	url = {https://www.aaai.org/ocs/index.php/AAAI/AAAI14/paper/view/8662},
	language = {en},
	urldate = {2019-02-01},
	booktitle = {Twenty-{Eighth} {AAAI} {Conference} on {Artificial} {Intelligence}},
	author = {Gollapalli, Sujatha Das and Caragea, Cornelia},
	month = jun,
	year = {2014},
	keywords = {graph, kpe},
}

@article{pagliardini_unsupervised_2018,
	title = {Unsupervised {Learning} of {Sentence} {Embeddings} using {Compositional} n-{Gram} {Features}},
	url = {http://arxiv.org/abs/1703.02507},
	doi = {10.18653/v1/N18-1049},
	urldate = {2019-02-01},
	journal = {Proceedings of the 2018 Conference of the North American Chapter of           the Association for Computational Linguistics: Human Language           Technologies, Volume 1 (Long Papers)},
	author = {Pagliardini, Matteo and Gupta, Prakhar and Jaggi, Martin},
	year = {2018},
	pages = {528--540},
}

@article{blei_latent_2003,
	title = {Latent dirichlet allocation},
	volume = {3},
	journal = {Journal of Machine Learning Research},
	author = {Blei, David M. and Ng, Andrew Y. and Jordan, Michael I. and Lafferty, John},
	year = {2003},
	pages = {2003},
}

@inproceedings{meng_deep_2017,
	title = {Deep keyphrase generation},
	volume = {1},
	copyright = {attached},
	isbn = {978-1-945626-75-3},
	url = {http://d-scholarship.pitt.edu/31824/},
	language = {en},
	urldate = {2019-02-01},
	booktitle = {{ACL} 2017 - 55th {Annual} {Meeting} of the {Association} for {Computational} {Linguistics}, {Proceedings} of the {Conference} ({Long} {Papers})},
	author = {Meng, R. and Zhao, S. and Han, S. and He, D. and Brusilovsky, P. and Chi, Y.},
	month = jan,
	year = {2017},
	keywords = {generation, o2o, code},
	pages = {582--592},
}

@article{daille_indexation_2017,
	title = {Indexation d’articles scientifiques {Présentation} et résultats du défi fouille de textes {DEFT} 2016},
	volume = {17},
	issn = {25163280},
	url = {https://www.openscience.fr/Indexation-d-articles-scientifiques-Presentation-et-resultats-du-defi-fouille},
	doi = {10.21494/ISTE.OP.2018.0209},
	language = {fr},
	number = {1},
	urldate = {2019-02-01},
	journal = {Recherche d’information, document et web sémantique},
	author = {Daille, Béatrice and Barreaux, Sabine and Bougouin, Adrien and Boudin, Florian and Cram, Damien and Hazem, Amir},
	year = {2017},
}

@inproceedings{litvak_graph-based_2008,
	address = {Stroudsburg, PA, USA},
	series = {{MMIES} '08},
	title = {Graph-based {Keyword} {Extraction} for {Single}-document {Summarization}},
	isbn = {978-1-905593-51-4},
	url = {http://dl.acm.org/citation.cfm?id=1613172.1613178},
	urldate = {2019-02-08},
	booktitle = {Proceedings of the {Workshop} on {Multi}-source {Multilingual} {Information} {Extraction} and {Summarization}},
	publisher = {Association for Computational Linguistics},
	author = {Litvak, Marina and Last, Mark},
	year = {2008},
	note = {event-place: Manchester, United Kingdom},
	keywords = {kpe},
	pages = {17--24},
}

@inproceedings{florescu_positionrank:_2017,
	address = {Vancouver, Canada},
	title = {{PositionRank}: {An} {Unsupervised} {Approach} to {Keyphrase} {Extraction} from {Scholarly} {Documents}},
	shorttitle = {{PositionRank}},
	url = {http://aclweb.org/anthology/P17-1102},
	doi = {10.18653/v1/P17-1102},
	language = {en},
	urldate = {2019-02-11},
	booktitle = {Proceedings of the 55th {Annual} {Meeting} of the {Association} for           {Computational} {Linguistics} ({Volume} 1: {Long} {Papers})},
	publisher = {Association for Computational Linguistics},
	author = {Florescu, Corina and Caragea, Cornelia},
	year = {2017},
	keywords = {graph, kpe},
	pages = {1105--1115},
}

@techreport{page_pagerank_1999,
	address = {Stanford University},
	title = {The {PageRank} {Citation} {Ranking}: {Bringing} {Order} to the {Web}},
	shorttitle = {The {PageRank} {Citation} {Ranking}},
	institution = {Computer Science Department},
	author = {Page, Lawrence and Brin, Sergey and Motwani, Rajeev and Winograd, Terry},
	year = {1999},
}

@inproceedings{wang_using_2015,
	series = {Lecture {Notes} in {Computer} {Science}},
	title = {Using {Word} {Embeddings} to {Enhance} {Keyword} {Identification} for {Scientific} {Publications}},
	isbn = {978-3-319-19548-3},
	language = {en},
	booktitle = {Databases {Theory} and {Applications}},
	publisher = {Springer International Publishing},
	author = {Wang, Rui and Liu, Wei and McDonald, Chris},
	editor = {Sharaf, Mohamed A. and Cheema, Muhammad Aamir and Qi, Jianzhong},
	year = {2015},
	keywords = {generation, kpe},
	pages = {257--268},
}

@book{harpring_introduction_2010,
	edition = {Getty Research Institute},
	title = {Introduction to {Controlled} {Vocabularies}: {Terminology} for {Art}, {Architecture}, and {Other} {Cultural} {Works} {Updated} {Edition}},
	shorttitle = {Introduction to {Controlled} {Vocabularies}},
	url = {http://www.getty.edu/research/publications/electronic_publications/intro_controlled_vocab/pdf.html},
	language = {en},
	urldate = {2019-02-15},
	publisher = {Murtha Baca},
	author = {Harpring, Patricia},
	year = {2010},
}

@inproceedings{daille_morphological_2000,
	address = {Stroudsburg, PA, USA},
	series = {{COLING} '00},
	title = {Morphological {Rule} {Induction} for {Terminology} {Acquistion}},
	isbn = {978-1-55860-717-0},
	url = {https://doi.org/10.3115/990820.990852},
	doi = {10.3115/990820.990852},
	urldate = {2019-02-15},
	booktitle = {Proceedings of the 18th {Conference} on {Computational} {Linguistics} - {Volume} 1},
	publisher = {Association for Computational Linguistics},
	author = {Daille, Béatrice},
	year = {2000},
	note = {event-place: Saarbrücken, Germany},
	pages = {215--221},
}

@inproceedings{hulth_study_2006,
	address = {Stroudsburg, PA, USA},
	series = {{ACL}-44},
	title = {A {Study} on {Automatically} {Extracted} {Keywords} in {Text} {Categorization}},
	url = {https://doi.org/10.3115/1220175.1220243},
	doi = {10.3115/1220175.1220243},
	urldate = {2019-02-15},
	booktitle = {Proceedings of the 21st {International} {Conference} on {Computational} {Linguistics} and the 44th {Annual} {Meeting} of the {Association} for {Computational} {Linguistics}},
	publisher = {Association for Computational Linguistics},
	author = {Hulth, Anette and Megyesi, Beáta B.},
	year = {2006},
	note = {event-place: Sydney, Australia},
	pages = {537--544},
}

@book{witten_how_2009,
	address = {San Francisco, CA, USA},
	edition = {2nd},
	title = {How to {Build} a {Digital} {Library}, {Second} {Edition}},
	isbn = {978-0-12-374857-7},
	publisher = {Morgan Kaufmann Publishers Inc.},
	author = {Witten, Ian H. and Bainbridge, David and Nichols, David M.},
	year = {2009},
}

@inproceedings{evans_noun-phrase_1996,
	address = {Stroudsburg, PA, USA},
	series = {{ACL} '96},
	title = {Noun-phrase {Analysis} in {Unrestricted} {Text} for {Information} {Retrieval}},
	url = {https://doi.org/10.3115/981863.981866},
	doi = {10.3115/981863.981866},
	urldate = {2019-02-15},
	booktitle = {Proceedings of the 34th {Annual} {Meeting} on {Association} for {Computational} {Linguistics}},
	publisher = {Association for Computational Linguistics},
	author = {Evans, David A. and Zhai, Chengxiang},
	year = {1996},
	note = {event-place: Santa Cruz, California},
	pages = {17--24},
}

@inproceedings{hamid_rezatofighi_deepsetnet:_2017,
	title = {{DeepSetNet}: {Predicting} {Sets} {With} {Deep} {Neural} {Networks}},
	shorttitle = {{DeepSetNet}},
	url = {http://openaccess.thecvf.com/content_iccv_2017/html/Rezatofighi_DeepSetNet_Predicting_Sets_ICCV_2017_paper.html},
	urldate = {2019-04-04},
	author = {Hamid Rezatofighi, S. and Kumar B G, Vijay and Milan, Anton and Abbasnejad, Ehsan and Dick, Anthony and Reid, Ian},
	year = {2017},
	note = {Train a second model to ouput a number which will be use as a k for Top-k},
	keywords = {set},
	pages = {5247--5256},
}

@incollection{zaheer_deep_2017,
	title = {Deep {Sets}},
	url = {http://papers.nips.cc/paper/6931-deep-sets.pdf},
	booktitle = {Advances in {Neural} {Information} {Processing} {Systems} 30},
	publisher = {Curran Associates, Inc.},
	author = {Zaheer, Manzil and Kottur, Satwik and Ravanbakhsh, Siamak and Poczos, Barnabas and Salakhutdinov, Ruslan R and Smola, Alexander J},
	editor = {Guyon, I. and Luxburg, U. V. and Bengio, S. and Wallach, H. and Fergus, R. and Vishwanathan, S. and Garnett, R.},
	year = {2017},
	note = {Set as input},
	keywords = {set},
	pages = {3391--3401},
}

@article{rezatofighi_deep_2018,
	title = {Deep {Perm}-{Set} {Net}: {Learn} to predict sets with unknown permutation and cardinality using deep neural networks},
	shorttitle = {Deep {Perm}-{Set} {Net}},
	url = {http://arxiv.org/abs/1805.00613},
	language = {en},
	urldate = {2019-04-04},
	journal = {arXiv:1805.00613 [cs]},
	author = {Rezatofighi, S. Hamid and Kaskman, Roman and Motlagh, Farbod T. and Shi, Qinfeng and Cremers, Daniel and Leal-Taixé, Laura and Reid, Ian},
	month = may,
	year = {2018},
	note = {arXiv: 1805.00613},
	keywords = {set},
}

@article{bello_seq2slate:_2018,
	title = {{Seq2Slate}: {Re}-ranking and {Slate} {Optimization} with {RNNs}},
	shorttitle = {{Seq2Slate}},
	url = {http://arxiv.org/abs/1810.02019},
	language = {en},
	urldate = {2019-04-04},
	journal = {arXiv:1810.02019 [cs, stat]},
	author = {Bello, Irwan and Kulkarni, Sayali and Jain, Sagar and Boutilier, Craig and Chi, Ed and Eban, Elad and Luo, Xiyang and Mackey, Alan and Meshi, Ofer},
	month = oct,
	year = {2018},
	note = {arXiv: 1810.02019},
	keywords = {set},
}

@article{asai_set_2018,
	title = {Set {Cross} {Entropy}: {Likelihood}-based {Permutation} {Invariant} {Loss} {Function} for {Probability} {Distributions}},
	shorttitle = {Set {Cross} {Entropy}},
	url = {http://arxiv.org/abs/1812.01217},
	language = {en},
	urldate = {2019-04-04},
	journal = {arXiv:1812.01217 [cs, stat]},
	author = {Asai, Masataro},
	month = dec,
	year = {2018},
	note = {arXiv: 1812.01217},
	keywords = {set},
}

@article{ow_filtered_1988,
	title = {Filtered beam search in scheduling},
	volume = {26},
	issn = {0020-7543},
	url = {https://doi.org/10.1080/00207548808947840},
	doi = {10.1080/00207548808947840},
	number = {1},
	urldate = {2019-04-24},
	journal = {International Journal of Production Research},
	author = {Ow, Peng Si and Morton, Thomas E.},
	month = jan,
	year = {1988},
	pages = {35--62},
}

@inproceedings{rezatofighi_joint_2018,
	title = {Joint {Learning} of {Set} {Cardinality} and {State} {Distribution}},
	copyright = {Authors who publish a paper in this conference agree to the following terms:   Author(s) agree to transfer their copyrights in their article/paper to the Association for the Advancement of Artificial Intelligence (AAAI), in order to deal with future requests for reprints, translations, anthologies, reproductions, excerpts, and other publications. This grant will include, without limitation, the entire copyright in the article/paper in all countries of the world, including all renewals, extensions, and reversions thereof, whether such rights current exist or hereafter come into effect, and also the exclusive right to create electronic versions of the article/paper, to the extent that such right is not subsumed under copyright.  The author(s) warrants that they are the sole author and owner of the copyright in the above article/paper, except for those portions shown to be in quotations; that the article/paper is original throughout; and that the undersigned right to make the grants set forth above is complete and unencumbered.  The author(s) agree that if anyone brings any claim or action alleging facts that, if true, constitute a breach of any of the foregoing warranties, the author(s) will hold harmless and indemnify AAAI, their grantees, their licensees, and their distributors against any liability, whether under judgment, decree, or compromise, and any legal fees and expenses arising out of that claim or actions, and the undersigned will cooperate fully in any defense AAAI may make to such claim or action. Moreover, the undersigned agrees to cooperate in any claim or other action seeking to protect or enforce any right the undersigned has granted to AAAI in the article/paper. If any such claim or action fails because of facts that constitute a breach of any of the foregoing warranties, the undersigned agrees to reimburse whomever brings such claim or action for expenses and attorneys’ fees incurred therein.  Author(s) retain all proprietary rights other than copyright (such as patent rights).  Author(s) may make personal reuse of all or portions of the above article/paper in other works of their own authorship.  Author(s) may reproduce, or have reproduced, their article/paper for the author’s personal use, or for company use provided that AAAI copyright and the source are indicated, and that the copies are not used in a way that implies AAAI endorsement of a product or service of an employer, and that the copies per se are not offered for sale. The foregoing right shall not permit the posting of the article/paper in electronic or digital form on any computer network, except by the author or the author’s employer, and then only on the author’s or the employer’s own web page or ftp site. Such web page or ftp site, in addition to the aforementioned requirements of this Paragraph, must provide an electronic reference or link back to the AAAI electronic server, and shall not post other AAAI copyrighted materials not of the author’s or the employer’s creation (including tables of contents with links to other papers) without AAAI’s written permission.  Author(s) may make limited distribution of all or portions of their article/paper prior to publication.  In the case of work performed under U.S. Government contract, AAAI grants the U.S. Government royalty-free permission to reproduce all or portions of the above article/paper, and to authorize others to do so, for U.S. Government purposes.  In the event the above article/paper is not accepted and published by AAAI, or is withdrawn by the author(s) before acceptance by AAAI, this agreement becomes null and void.},
	url = {https://www.aaai.org/ocs/index.php/AAAI/AAAI18/paper/view/16356},
	language = {en},
	urldate = {2019-05-02},
	booktitle = {Thirty-{Second} {AAAI} {Conference} on {Artificial} {Intelligence}},
	author = {Rezatofighi, S. Hamid and Milan, Anton and Shi, Qinfeng and Dick, Anthony and Reid, Ian},
	month = apr,
	year = {2018},
	keywords = {set},
}

@inproceedings{zhang_deep_2017,
	title = {Deep keyphrase generation with a convolutional sequence to sequence model},
	doi = {10.1109/ICSAI.2017.8248519},
	booktitle = {2017 4th {International} {Conference} on {Systems} and {Informatics} ({ICSAI})},
	author = {Zhang, Y. and Fang, Y. and Weidong, X.},
	month = nov,
	year = {2017},
	keywords = {generation, o2o},
	pages = {1477--1485},
}

@inproceedings{le_unsupervised_2016,
	series = {Lecture {Notes} in {Computer} {Science}},
	title = {Unsupervised {Keyphrase} {Extraction}: {Introducing} {New} {Kinds} of {Words} to {Keyphrases}},
	isbn = {978-3-319-50127-7},
	shorttitle = {Unsupervised {Keyphrase} {Extraction}},
	language = {en},
	booktitle = {{AI} 2016: {Advances} in {Artificial} {Intelligence}},
	publisher = {Springer International Publishing},
	author = {Le, Tho Thi Ngoc and Nguyen, Minh Le and Shimazu, Akira},
	editor = {Kang, Byeong Ho and Bai, Quan},
	year = {2016},
	keywords = {kpe},
	pages = {665--671},
}

@inproceedings{wang_ptr:_2016,
	series = {Lecture {Notes} in {Computer} {Science}},
	title = {{PTR}: {Phrase}-{Based} {Topical} {Ranking} for {Automatic} {Keyphrase} {Extraction} in {Scientific} {Publications}},
	isbn = {978-3-319-46681-1},
	shorttitle = {{PTR}},
	language = {en},
	booktitle = {Neural {Information} {Processing}},
	publisher = {Springer International Publishing},
	author = {Wang, Minmei and Zhao, Bo and Huang, Yihua},
	editor = {Hirose, Akira and Ozawa, Seiichi and Doya, Kenji and Ikeda, Kazushi and Lee, Minho and Liu, Derong},
	year = {2016},
	keywords = {lda, kpe},
	pages = {120--128},
}

@inproceedings{luan_scientific_2017,
	address = {Copenhagen, Denmark},
	title = {Scientific {Information} {Extraction} with {Semi}-supervised {Neural} {Tagging}},
	url = {http://aclweb.org/anthology/D17-1279},
	doi = {10.18653/v1/D17-1279},
	language = {en},
	urldate = {2019-06-11},
	booktitle = {Proceedings of the 2017 {Conference} on {Empirical} {Methods} in {Natural}           {Language} {Processing}},
	publisher = {Association for Computational Linguistics},
	author = {Luan, Yi and Ostendorf, Mari and Hajishirzi, Hannaneh},
	year = {2017},
	pages = {2641--2651},
}

@article{yuan_generating_2018,
	title = {Generating {Diverse} {Numbers} of {Diverse} {Keyphrases}},
	url = {http://arxiv.org/abs/1810.05241},
	urldate = {2019-06-11},
	journal = {arXiv:1810.05241 [cs]},
	author = {Yuan, Xingdi and Wang, Tong and Meng, Rui and Thaker, Khushboo and He, Daqing and Trischler, Adam},
	month = oct,
	year = {2018},
	note = {arXiv: 1810.05241},
	keywords = {generation, o2m},
}

@inproceedings{yu_wikirank:improving_2018,
	title = {{WikiRank}:{Improving} {Keyphrase} {Extraction} {Based} on {Background} {Knowledge}},
	language = {en},
	author = {Yu, Yang and Ng, Vincent},
	year = {2018},
	keywords = {graph, kpe},
	pages = {5},
}

@inproceedings{huang_towards_2007,
	address = {Banff, Alberta, Canada},
	series = {{WWW} '07},
	title = {Towards multi-granularity multi-facet e-book retrieval},
	isbn = {978-1-59593-654-7},
	url = {http://portal.acm.org/citation.cfm?doid=1242572.1242835},
	doi = {10.1145/1242572.1242835},
	language = {en},
	urldate = {2019-06-28},
	booktitle = {Proceedings of the 16th international conference on {World} {Wide} {Web}},
	publisher = {ACM Press},
	author = {Huang, Chong and Tian, Yonghong and Zhou, Zhi and Huang, Tiejun},
	year = {2007},
	pages = {1331},
}

@inproceedings{he_keyphrase_2018,
	address = {Fort Worth, Texas, USA},
	title = {Keyphrase {Extraction} {Based} on {Prior} {Knowledge}},
	isbn = {978-1-4503-5178-2},
	url = {http://dl.acm.org/citation.cfm?doid=3197026.3203869},
	doi = {10.1145/3197026.3203869},
	language = {en},
	urldate = {2019-06-28},
	booktitle = {Proceedings of the 18th {ACM}/{IEEE} on {Joint} {Conference} on {Digital} {Libraries}  - {JCDL} '18},
	publisher = {ACM Press},
	author = {He, Guoxiu and Fang, Junwei and Cui, Haoran and Wu, Chuan and Lu, Wei},
	year = {2018},
	keywords = {kpe},
	pages = {341--342},
}

@inproceedings{gu_incorporating_2016,
	address = {Berlin, Germany},
	title = {Incorporating {Copying} {Mechanism} in {Sequence}-to-{Sequence} {Learning}},
	url = {http://aclweb.org/anthology/P16-1154},
	doi = {10.18653/v1/P16-1154},
	language = {en},
	urldate = {2019-07-09},
	booktitle = {Proceedings of the 54th {Annual} {Meeting} of the {Association} for {Computational} {Linguistics} ({Volume} 1: {Long} {Papers})},
	publisher = {Association for Computational Linguistics},
	author = {Gu, Jiatao and Lu, Zhengdong and Li, Hang and Li, Victor O.K.},
	year = {2016},
	pages = {1631--1640},
}

@article{papagiannopoulou_review_2019,
	title = {A {Review} of {Keyphrase} {Extraction}},
	url = {http://arxiv.org/abs/1905.05044},
	language = {en},
	urldate = {2019-07-15},
	journal = {arXiv:1905.05044 [cs]},
	author = {Papagiannopoulou, Eirini and Tsoumakas, Grigorios},
	month = may,
	year = {2019},
	note = {arXiv: 1905.05044},
	keywords = {meta},
}

@inproceedings{vijayakumar_diverse_2018,
	title = {Diverse {Beam} {Search}: {Decoding} {Diverse} {Solutions} from {Neural} {Sequence} {Models}},
	language = {en},
	author = {Vijayakumar, Ashwin K and Cogswell, Michael and Selvaraju, Ramprasath R and Sun, Qing and Lee, Stefan and Crandall, David and Batra, Dhruv},
	year = {2018},
	keywords = {diverse decoding},
	pages = {16},
}

@article{li_mutual_2016,
	title = {Mutual {Information} and {Diverse} {Decoding} {Improve} {Neural} {Machine} {Translation}},
	url = {http://arxiv.org/abs/1601.00372},
	language = {en},
	urldate = {2019-11-13},
	journal = {arXiv:1601.00372 [cs]},
	author = {Li, Jiwei and Jurafsky, Dan},
	month = mar,
	year = {2016},
	note = {arXiv: 1601.00372},
	keywords = {diverse decoding},
}

@article{li_simple_2016,
	title = {A {Simple}, {Fast} {Diverse} {Decoding} {Algorithm} for {Neural} {Generation}},
	url = {http://arxiv.org/abs/1611.08562},
	language = {en},
	urldate = {2019-11-13},
	journal = {arXiv:1611.08562 [cs]},
	author = {Li, Jiwei and Monroe, Will and Jurafsky, Dan},
	month = dec,
	year = {2016},
	note = {arXiv: 1611.08562},
	keywords = {diverse decoding},
}

@article{chen_title-guided_2019,
	title = {Title-{Guided} {Encoding} for {Keyphrase} {Generation}},
	volume = {33},
	copyright = {Copyright (c) 2019 Association for the Advancement of Artificial Intelligence},
	issn = {2374-3468},
	url = {https://www.aaai.org/ojs/index.php/AAAI/article/view/4587},
	doi = {10.1609/aaai.v33i01.33016268},
	language = {en},
	number = {01},
	urldate = {2020-02-07},
	journal = {Proceedings of the AAAI Conference on Artificial Intelligence},
	author = {Chen, Wang and Gao, Yifan and Zhang, Jiani and King, Irwin and Lyu, Michael R.},
	month = jul,
	year = {2019},
	keywords = {generation, o2o},
	pages = {6268--6275},
}

@inproceedings{bengio_curriculum_2009,
	address = {Montreal, Quebec, Canada},
	title = {Curriculum learning},
	isbn = {978-1-60558-516-1},
	url = {http://portal.acm.org/citation.cfm?doid=1553374.1553380},
	doi = {10.1145/1553374.1553380},
	language = {en},
	urldate = {2019-09-02},
	booktitle = {Proceedings of the 26th {Annual} {International} {Conference} on {Machine} {Learning} - {ICML} '09},
	publisher = {ACM Press},
	author = {Bengio, Yoshua and Louradour, Jérôme and Collobert, Ronan and Weston, Jason},
	year = {2009},
	pages = {1--8},
}

@incollection{sukhbaatar_end--end_2015,
	title = {End-{To}-{End} {Memory} {Networks}},
	url = {http://papers.nips.cc/paper/5846-end-to-end-memory-networks.pdf},
	urldate = {2019-08-29},
	booktitle = {Advances in {Neural} {Information} {Processing} {Systems} 28},
	publisher = {Curran Associates, Inc.},
	author = {Sukhbaatar, Sainbayar and szlam, arthur and Weston, Jason and Fergus, Rob},
	editor = {Cortes, C. and Lawrence, N. D. and Lee, D. D. and Sugiyama, M. and Garnett, R.},
	year = {2015},
	pages = {2440--2448},
}

@inproceedings{zhao_incorporating_2019,
	address = {Florence, Italy},
	title = {Incorporating {Linguistic} {Constraints} into {Keyphrase} {Generation}},
	url = {https://www.aclweb.org/anthology/P19-1515},
	doi = {10.18653/v1/P19-1515},
	language = {en},
	urldate = {2020-02-07},
	booktitle = {Proceedings of the 57th {Annual} {Meeting} of the {Association} for {Computational} {Linguistics}},
	publisher = {Association for Computational Linguistics},
	author = {Zhao, Jing and Zhang, Yuxiang},
	year = {2019},
	keywords = {generation, o2o},
	pages = {5224--5233},
}

@inproceedings{alzaidy_bi-lstm-crf_2019,
	address = {San Francisco, CA, USA},
	title = {Bi-{LSTM}-{CRF} {Sequence} {Labeling} for {Keyphrase} {Extraction} from {Scholarly} {Documents}},
	isbn = {978-1-4503-6674-8},
	url = {http://dl.acm.org/citation.cfm?doid=3308558.3313642},
	doi = {10.1145/3308558.3313642},
	language = {en},
	urldate = {2020-02-07},
	booktitle = {The {World} {Wide} {Web} {Conference} on   - {WWW} '19},
	publisher = {ACM Press},
	author = {Alzaidy, Rabah and Caragea, Cornelia and Giles, C. Lee},
	year = {2019},
	keywords = {extraction},
	pages = {2551--2557},
}

@article{nogueira_document_2019,
	title = {Document {Expansion} by {Query} {Prediction}},
	url = {http://arxiv.org/abs/1904.08375},
	language = {en},
	urldate = {2020-02-07},
	journal = {arXiv:1904.08375 [cs]},
	author = {Nogueira, Rodrigo and Yang, Wei and Lin, Jimmy and Cho, Kyunghyun},
	month = sep,
	year = {2019},
	note = {arXiv: 1904.08375},
}

@article{chen_expertseer_2015,
	title = {{ExpertSeer}: a {Keyphrase} {Based} {Expert} {Recommender} for {Digital} {Libraries}},
	shorttitle = {{ExpertSeer}},
	url = {http://arxiv.org/abs/1511.02058},
	language = {en},
	urldate = {2020-02-10},
	journal = {arXiv:1511.02058 [cs]},
	author = {Chen, Hung-Hsuan and Ororbia II, Alexander G. and Giles, C. Lee},
	month = nov,
	year = {2015},
	note = {arXiv: 1511.02058},
}

@article{sahrawat_keyphrase_2019,
	title = {Keyphrase {Extraction} from {Scholarly} {Articles} as {Sequence} {Labeling} using {Contextualized} {Embeddings}},
	url = {http://arxiv.org/abs/1910.08840},
	language = {en},
	urldate = {2020-03-10},
	journal = {arXiv:1910.08840 [cs]},
	author = {Sahrawat, Dhruva and Mahata, Debanjan and Kulkarni, Mayank and Zhang, Haimin and Gosangi, Rakesh and Stent, Amanda and Sharma, Agniv and Kumar, Yaman and Shah, Rajiv Ratn and Zimmermann, Roger},
	month = oct,
	year = {2019},
	note = {ArXiv : 1910.08840},
	keywords = {extraction},
}

@article{meng_does_2019,
	title = {Does {Order} {Matter}? {An} {Empirical} {Study} on {Generating} {Multiple} {Keyphrases} as a {Sequence}},
	shorttitle = {Does {Order} {Matter}?},
	url = {http://arxiv.org/abs/1909.03590},
	urldate = {2020-02-27},
	journal = {arXiv:1909.03590 [cs]},
	author = {Meng, Rui and Yuan, Xingdi and Wang, Tong and Brusilovsky, Peter and Trischler, Adam and He, Daqing},
	month = oct,
	year = {2019},
	note = {arXiv: 1909.03590},
	keywords = {meta},
}

@inproceedings{zhang_mike_2017,
	address = {Singapore, Singapore},
	title = {{MIKE}: {Keyphrase} {Extraction} by {Integrating} {Multidimensional} {Information}},
	isbn = {978-1-4503-4918-5},
	shorttitle = {{MIKE}},
	url = {http://dl.acm.org/citation.cfm?doid=3132847.3132956},
	doi = {10.1145/3132847.3132956},
	language = {en},
	urldate = {2020-02-26},
	booktitle = {Proceedings of the 2017 {ACM} on {Conference} on {Information} and {Knowledge} {Management} - {CIKM} '17},
	publisher = {ACM Press},
	author = {Zhang, Yuxiang and Chang, Yaocheng and Liu, Xiaoqing and Gollapalli, Sujatha Das and Li, Xiaoli and Xiao, Chunjing},
	year = {2017},
	keywords = {kpe},
	pages = {1349--1358},
}

@article{song_unified_2018,
	title = {A {Unified} {Query}-based {Generative} {Model} for {Question} {Generation} and {Question} {Answering}},
	url = {http://arxiv.org/abs/1709.01058},
	language = {en},
	urldate = {2020-02-26},
	journal = {arXiv:1709.01058 [cs]},
	author = {Song, Linfeng and Wang, Zhiguo and Hamza, Wael},
	month = aug,
	year = {2018},
	note = {arXiv: 1709.01058},
}

@inproceedings{paroubek_indexation_2012,
	address = {Grenoble, France},
	title = {Indexation libre et contrôlée d'articles scientifiques. {Présentation} et résultats du défi fouille de textes {DEFT2012} ({Controlled} and free indexing of scientific papers. {Presentation} and results of the {DEFT2012} text-mining challenge) [in {French}]},
	url = {https://www.aclweb.org/anthology/W12-1101},
	urldate = {2020-02-21},
	booktitle = {{JEP}-{TALN}-{RECITAL} 2012, {Workshop} {DEFT} 2012: {DÉfi} {Fouille} de {Textes} ({DEFT} 2012 {Workshop}: {Text} {Mining} {Challenge})},
	publisher = {ATALA/AFCP},
	author = {Paroubek, Patrick and Zweigenbaum, Pierre and Forest, Dominic and Grouin, Cyril},
	month = jun,
	year = {2012},
	pages = {1--13},
}

@inproceedings{caragea_citation-enhanced_2014,
	address = {Doha, Qatar},
	title = {Citation-{Enhanced} {Keyphrase} {Extraction} from {Research} {Papers}: {A} {Supervised} {Approach}},
	shorttitle = {Citation-{Enhanced} {Keyphrase} {Extraction} from {Research} {Papers}},
	url = {https://www.aclweb.org/anthology/D14-1150},
	doi = {10.3115/v1/D14-1150},
	urldate = {2020-02-21},
	booktitle = {Proceedings of the 2014 {Conference} on {Empirical} {Methods} in {Natural} {Language} {Processing} ({EMNLP})},
	publisher = {Association for Computational Linguistics},
	author = {Caragea, Cornelia and Bulgarov, Florin Adrian and Godea, Andreea and Das Gollapalli, Sujatha},
	month = oct,
	year = {2014},
	keywords = {kpe},
	pages = {1435--1446},
}

@inproceedings{marujo_keyphrase_2011,
	title = {Keyphrase {Cloud} {Generation} of {Broadcast} {News}},
	booktitle = {{INTERSPEECH}},
	author = {Marujo, Luís and Viveiros, Márcio and Neto, João Paulo da Silva},
	year = {2011},
	keywords = {dataset},
}

@inproceedings{marujo_supervised_2012,
	address = {Istanbul, Turkey},
	title = {Supervised {Topical} {Key} {Phrase} {Extraction} of {News} {Stories} using {Crowdsourcing}, {Light} {Filtering} and {Co}-reference {Normalization}},
	url = {http://www.lrec-conf.org/proceedings/lrec2012/pdf/672_Paper.pdf},
	urldate = {2020-02-21},
	booktitle = {Proceedings of the {Eighth} {International} {Conference} on {Language} {Resources} and {Evaluation} ({LREC}'12)},
	publisher = {European Language Resources Association (ELRA)},
	author = {Marujo, Luís and Gershman, Anatole and Carbonell, Jaime and Frederking, Robert and Neto, João P.},
	month = may,
	year = {2012},
	keywords = {dataset},
	pages = {399--403},
}

@techreport{krapivin_large_2009,
	type = {Departmental {Technical} {Report}},
	title = {Large {Dataset} for {Keyphrases} {Extraction}},
	url = {http://eprints.biblio.unitn.it/1671/},
	urldate = {2020-02-21},
	institution = {University of Trento},
	author = {Krapivin, Mikalai and Autaeu, Aliaksandr and Marchese, Maurizio},
	year = {2009},
	keywords = {dataset},
}

@phdthesis{schutz_keyphrase_2008,
	address = {Galway},
	title = {Keyphrase extraction from single documents in the open domain exploiting linguistic and statistical methods},
	school = {NationalUniversityofIreland},
	author = {Schutz, Alexander Thorsten},
	year = {2008},
	keywords = {kpe},
}

@inproceedings{gallina_kptimes_2019,
	address = {Tokyo, Japan},
	title = {{KPTimes}: {A} {Large}-{Scale} {Dataset} for {Keyphrase} {Generation} on {News} {Documents}},
	shorttitle = {{KPTimes}},
	url = {https://www.aclweb.org/anthology/W19-8617},
	doi = {10.18653/v1/W19-8617},
	urldate = {2020-02-21},
	booktitle = {Proceedings of the 12th {International} {Conference} on {Natural} {Language} {Generation}},
	publisher = {Association for Computational Linguistics},
	author = {Gallina, Ygor and Boudin, Florian and Daille, Beatrice},
	month = oct,
	year = {2019},
	keywords = {dataset},
	pages = {130--135},
}

@article{mu_keyphrase_2020,
	title = {Keyphrase {Extraction} with {Span}-based {Feature} {Representations}},
	url = {http://arxiv.org/abs/2002.05407},
	urldate = {2020-03-11},
	journal = {arXiv:2002.05407 [cs]},
	author = {Mu, Funan and Yu, Zhenting and Wang, LiFeng and Wang, Yequan and Yin, Qingyu and Sun, Yibo and Liu, Liqun and Ma, Teng and Tang, Jing and Zhou, Xing},
	month = feb,
	year = {2020},
	note = {arXiv: 2002.05407},
	keywords = {extraction},
}

@inproceedings{chen_integrated_2019,
	address = {Minneapolis, Minnesota},
	title = {An {Integrated} {Approach} for {Keyphrase} {Generation} via {Exploring} the {Power} of {Retrieval} and {Extraction}},
	url = {https://www.aclweb.org/anthology/N19-1292},
	doi = {10.18653/v1/N19-1292},
	urldate = {2020-03-10},
	booktitle = {Proceedings of the 2019 {Conference} of the {North} {American} {Chapter} of the {Association} for {Computational} {Linguistics}: {Human} {Language} {Technologies}, {Volume} 1 ({Long} and {Short} {Papers})},
	publisher = {Association for Computational Linguistics},
	author = {Chen, Wang and Chan, Hou Pong and Li, Piji and Bing, Lidong and King, Irwin},
	month = jun,
	year = {2019},
	keywords = {generation, o2o, code},
	pages = {2846--2856},
}

@inproceedings{chan_neural_2019,
	address = {Florence, Italy},
	title = {Neural {Keyphrase} {Generation} via {Reinforcement} {Learning} with {Adaptive} {Rewards}},
	url = {https://www.aclweb.org/anthology/P19-1208},
	doi = {10.18653/v1/P19-1208},
	urldate = {2020-03-10},
	booktitle = {Proceedings of the 57th {Annual} {Meeting} of the {Association} for {Computational} {Linguistics}},
	publisher = {Association for Computational Linguistics},
	author = {Chan, Hou Pong and Chen, Wang and Wang, Lu and King, Irwin},
	month = jul,
	year = {2019},
	keywords = {generation, o2m, code},
	pages = {2163--2174},
}

@incollection{goh_keyphrase_2007,
	address = {Berlin, Heidelberg},
	title = {Keyphrase {Extraction} in {Scientific} {Publications}},
	volume = {4822},
	isbn = {978-3-540-77093-0 978-3-540-77094-7},
	url = {http://link.springer.com/10.1007/978-3-540-77094-7_41},
	language = {en},
	urldate = {2020-07-22},
	booktitle = {Asian {Digital} {Libraries}. {Looking} {Back} 10 {Years} and {Forging} {New} {Frontiers}},
	publisher = {Springer Berlin Heidelberg},
	author = {Nguyen, Thuy Dung and Kan, Min-Yen},
	editor = {Goh, Dion Hoe-Lian and Cao, Tru Hoang and Sølvberg, Ingeborg Torvik and Rasmussen, Edie},
	year = {2007},
	doi = {10.1007/978-3-540-77094-7_41},
	note = {Series Title: Lecture Notes in Computer Science},
	keywords = {kpe},
	pages = {317--326},
}

@inproceedings{sar_shalom_distant_2020,
	title = {Distant {Supervision} for {Keyphrase} {Extraction} using {Search} {Queries}},
	doi = {10.1109/BigDataService49289.2020.00019},
	booktitle = {2020 {IEEE} {Sixth} {International} {Conference} on {Big} {Data} {Computing} {Service} and {Applications} ({BigDataService})},
	author = {Sar Shalom, Oren and Resheff, Hezi and Zhicharevich, Alex and Cohen, Rami},
	month = aug,
	year = {2020},
	keywords = {extraction, to read},
	pages = {70--77},
}

@article{grabar_recherche_2019,
	title = {Recherche et extraction d'information dans des cas cliniques. {Présentation} de la campagne d'évaluation {DEFT} 2019},
	language = {fr},
	author = {Grabar, Natalia and Grouin, Cyril and Hamon, Thierry and Claveau, Vincent},
	year = {2019},
	pages = {11},
}

@article{mao_mesh_2017,
	title = {{MeSH} {Now}: automatic {MeSH} indexing at {PubMed} scale via learning to rank},
	volume = {8},
	issn = {2041-1480},
	shorttitle = {{MeSH} {Now}},
	url = {http://jbiomedsem.biomedcentral.com/articles/10.1186/s13326-017-0123-3},
	doi = {10.1186/s13326-017-0123-3},
	language = {en},
	number = {1},
	urldate = {2020-09-24},
	journal = {Journal of Biomedical Semantics},
	author = {Mao, Yuqing and Lu, Zhiyong},
	month = dec,
	year = {2017},
	keywords = {kpe},
}

@article{firoozeh_keyword_2020,
	title = {Keyword extraction: {Issues} and methods},
	volume = {26},
	issn = {1351-3249, 1469-8110},
	shorttitle = {Keyword extraction},
	url = {https://www.cambridge.org/core/product/identifier/S1351324919000457/type/journal_article},
	doi = {10.1017/S1351324919000457},
	language = {en},
	number = {3},
	urldate = {2020-10-08},
	journal = {Natural Language Engineering},
	author = {Firoozeh, Nazanin and Nazarenko, Adeline and Alizon, Fabrice and Daille, Béatrice},
	month = may,
	year = {2020},
	keywords = {meta},
	pages = {259--291},
}

@inproceedings{chen_exclusive_2020,
	address = {Online},
	title = {Exclusive {Hierarchical} {Decoding} for {Deep} {Keyphrase} {Generation}},
	url = {https://www.aclweb.org/anthology/2020.acl-main.103},
	doi = {10.18653/v1/2020.acl-main.103},
	language = {en},
	urldate = {2020-10-09},
	booktitle = {Proceedings of the 58th {Annual} {Meeting} of the {Association} for {Computational} {Linguistics}},
	publisher = {Association for Computational Linguistics},
	author = {Chen, Wang and Chan, Hou Pong and Li, Piji and King, Irwin},
	year = {2020},
	keywords = {generation, o2m, code},
	pages = {1095--1105},
}

@article{diao_keyphrase_2020,
	title = {Keyphrase {Generation} with {Cross}-{Document} {Attention}},
	url = {http://arxiv.org/abs/2004.09800},
	language = {en},
	urldate = {2020-10-09},
	journal = {arXiv:2004.09800 [cs]},
	author = {Diao, Shizhe and Song, Yan and Zhang, Tong},
	month = apr,
	year = {2020},
	note = {arXiv: 2004.09800},
	keywords = {generation, o2m, code},
}

@inproceedings{sun_divgraphpointer_2019,
	address = {New York, NY, USA},
	series = {{SIGIR}'19},
	title = {{DivGraphPointer}: {A} {Graph} {Pointer} {Network} for {Extracting} {Diverse} {Keyphrases}},
	isbn = {978-1-4503-6172-9},
	shorttitle = {{DivGraphPointer}},
	url = {https://doi.org/10.1145/3331184.3331219},
	doi = {10.1145/3331184.3331219},
	urldate = {2020-10-09},
	booktitle = {Proceedings of the 42nd {International} {ACM} {SIGIR} {Conference} on {Research} and {Development} in {Information} {Retrieval}},
	publisher = {Association for Computing Machinery},
	author = {Sun, Zhiqing and Tang, Jian and Du, Pan and Deng, Zhi-Hong and Nie, Jian-Yun},
	month = jul,
	year = {2019},
	keywords = {extraction},
	pages = {755--764},
}

@article{ahmad_select_2020,
	title = {Select, {Extract} and {Generate}: {Neural} {Keyphrase} {Generation} with {Syntactic} {Guidance}},
	shorttitle = {Select, {Extract} and {Generate}},
	url = {http://arxiv.org/abs/2008.01739},
	urldate = {2020-10-09},
	journal = {arXiv:2008.01739 [cs]},
	author = {Ahmad, Wasi Uddin and Bai, Xiao and Lee, Soomin and Chang, Kai-Wei},
	month = aug,
	year = {2020},
	note = {arXiv: 2008.01739},
	keywords = {generation, to read},
}

@inproceedings{gollapalli_incorporating_2017,
	address = {San Francisco, California, USA},
	series = {{AAAI}'17},
	title = {Incorporating expert knowledge into keyphrase extraction},
	urldate = {2020-10-09},
	booktitle = {Proceedings of the {Thirty}-{First} {AAAI} {Conference} on {Artificial} {Intelligence}},
	publisher = {AAAI Press},
	author = {Gollapalli, Sujatha Das and Li, Xiao-Li and Yang, Peng},
	month = feb,
	year = {2017},
	keywords = {kpe},
	pages = {3180--3187},
}

@inproceedings{kalyan_trainable_2019,
	title = {Trainable {Decoding} of {Sets} of {Sequences} for {Neural} {Sequence} {Models}},
	url = {http://proceedings.mlr.press/v97/kalyan19a.html},
	language = {en},
	urldate = {2020-10-09},
	booktitle = {International {Conference} on {Machine} {Learning}},
	publisher = {PMLR},
	author = {Kalyan, Ashwin and Anderson, Peter and Lee, Stefan and Batra, Dhruv},
	month = may,
	year = {2019},
	note = {ISSN: 2640-3498},
	keywords = {set},
	pages = {3211--3221},
}

@inproceedings{mahata_key2vec_2018,
	address = {New Orleans, Louisiana},
	title = {{Key2Vec}: {Automatic} {Ranked} {Keyphrase} {Extraction} from {Scientific} {Articles} using {Phrase} {Embeddings}},
	shorttitle = {{Key2Vec}},
	url = {https://www.aclweb.org/anthology/N18-2100},
	doi = {10.18653/v1/N18-2100},
	urldate = {2020-10-09},
	booktitle = {Proceedings of the 2018 {Conference} of the {North} {American} {Chapter} of the {Association} for {Computational} {Linguistics}: {Human} {Language} {Technologies}, {Volume} 2 ({Short} {Papers})},
	publisher = {Association for Computational Linguistics},
	author = {Mahata, Debanjan and Kuriakose, John and Shah, Rajiv Ratn and Zimmermann, Roger},
	month = jun,
	year = {2018},
	keywords = {kpe},
	pages = {634--639},
}

@inproceedings{marcu_rhetorical_1997,
	address = {Madrid, Spain},
	title = {The {Rhetorical} {Parsing} of {Unrestricted} {Natural} {Language} {Texts}},
	url = {https://www.aclweb.org/anthology/P97-1013},
	doi = {10.3115/976909.979630},
	urldate = {2020-10-09},
	booktitle = {35th {Annual} {Meeting} of the {Association} for {Computational} {Linguistics} and 8th {Conference} of the {European} {Chapter} of the {Association} for {Computational} {Linguistics}},
	publisher = {Association for Computational Linguistics},
	author = {Marcu, Daniel},
	month = jul,
	year = {1997},
	pages = {96--103},
}

@phdthesis{neveol_automatisation_2005,
	type = {Theses},
	title = {Automatisation des tâches documentaires dans un catalogue de santé en ligne.},
	url = {https://tel.archives-ouvertes.fr/tel-00011549},
	urldate = {2020-10-09},
	school = {INSA de Rouen},
	author = {Neveol, Aurelie},
	month = nov,
	year = {2005},
}

@inproceedings{prasad_glocal_2019,
	address = {Minneapolis, Minnesota},
	title = {Glocal: {Incorporating} {Global} {Information} in {Local} {Convolution} for {Keyphrase} {Extraction}},
	shorttitle = {Glocal},
	url = {https://www.aclweb.org/anthology/N19-1182},
	doi = {10.18653/v1/N19-1182},
	urldate = {2020-10-09},
	booktitle = {Proceedings of the 2019 {Conference} of the {North} {American} {Chapter} of the {Association} for {Computational} {Linguistics}: {Human} {Language} {Technologies}, {Volume} 1 ({Long} and {Short} {Papers})},
	publisher = {Association for Computational Linguistics},
	author = {Prasad, Animesh and Kan, Min-Yen},
	month = jun,
	year = {2019},
	keywords = {kpe},
	pages = {1837--1846},
}

@inproceedings{bouhandi_deft_2019,
	title = {{DeFT} 2019 : {Auto}-encodeurs, {Gradient} {Boosting} et combinaisons de modèles pour l’identification automatique de mots-clés. {Participation} de l’équipe {TALN} du {LS2N}},
	shorttitle = {{DeFT} 2019},
	url = {http://hal.univ-nantes.fr/hal-02433723},
	language = {fr},
	urldate = {2020-10-09},
	author = {Bouhandi, Mérième and Boudin, Florian and Gallina, Ygor},
	month = jul,
	year = {2019},
}

@inproceedings{gallina_large-scale_2020,
	address = {New York, NY, USA},
	series = {{JCDL} '20},
	title = {Large-{Scale} {Evaluation} of {Keyphrase} {Extraction} {Models}},
	isbn = {978-1-4503-7585-6},
	url = {https://doi.org/10.1145/3383583.3398517},
	doi = {10.1145/3383583.3398517},
	urldate = {2020-10-09},
	booktitle = {Proceedings of the {ACM}/{IEEE} {Joint} {Conference} on {Digital} {Libraries} in 2020},
	publisher = {Association for Computing Machinery},
	author = {Gallina, Ygor and Boudin, Florian and Daille, Béatrice},
	month = aug,
	year = {2020},
	keywords = {meta},
	pages = {271--278},
}

@phdthesis{bougouin_indexation_2015,
	type = {These de doctorat},
	title = {Indexation automatique par termes-clés en domaines de spécialité},
	copyright = {Licence Etalab},
	url = {https://www.theses.fr/2015NANT2047},
	urldate = {2020-10-09},
	school = {Nantes},
	author = {Bougouin, Adrien},
	collaborator = {Daille, Béatrice and Boudin, Florian},
	month = jan,
	year = {2015},
	keywords = {meta},
}

@inproceedings{tu_modeling_2016,
	address = {Berlin, Germany},
	title = {Modeling {Coverage} for {Neural} {Machine} {Translation}},
	url = {https://www.aclweb.org/anthology/P16-1008},
	doi = {10.18653/v1/P16-1008},
	urldate = {2020-10-12},
	booktitle = {Proceedings of the 54th {Annual} {Meeting} of the {Association} for {Computational} {Linguistics} ({Volume} 1: {Long} {Papers})},
	publisher = {Association for Computational Linguistics},
	author = {Tu, Zhaopeng and Lu, Zhengdong and Liu, Yang and Liu, Xiaohua and Li, Hang},
	month = aug,
	year = {2016},
	pages = {76--85},
}

@inproceedings{see_get_2017,
	address = {Vancouver, Canada},
	title = {Get {To} {The} {Point}: {Summarization} with {Pointer}-{Generator} {Networks}},
	shorttitle = {Get {To} {The} {Point}},
	url = {https://www.aclweb.org/anthology/P17-1099},
	doi = {10.18653/v1/P17-1099},
	urldate = {2020-10-12},
	booktitle = {Proceedings of the 55th {Annual} {Meeting} of the {Association} for {Computational} {Linguistics} ({Volume} 1: {Long} {Papers})},
	publisher = {Association for Computational Linguistics},
	author = {See, Abigail and Liu, Peter J. and Manning, Christopher D.},
	month = jul,
	year = {2017},
	pages = {1073--1083},
}

@inproceedings{kipf_semi-supervised_2017,
	title = {Semi-{Supervised} {Classification} with {Graph} {Convolutional} {Networks}},
	url = {http://arxiv.org/abs/1609.02907},
	urldate = {2020-10-12},
	booktitle = {Proceedings of the 2017 {International} {Conference} on {Learning} {Representations} ({ICLR})},
	author = {Kipf, Thomas N. and Welling, Max},
	month = feb,
	year = {2017},
	note = {arXiv: 1609.02907},
}

@article{campos_yake_2020,
	title = {{YAKE}! {Keyword} extraction from single documents using multiple local features},
	volume = {509},
	issn = {00200255},
	url = {https://linkinghub.elsevier.com/retrieve/pii/S0020025519308588},
	doi = {10.1016/j.ins.2019.09.013},
	language = {en},
	urldate = {2020-10-28},
	journal = {Information Sciences},
	author = {Campos, Ricardo and Mangaravite, Vítor and Pasquali, Arian and Jorge, Alípio and Nunes, Célia and Jatowt, Adam},
	month = jan,
	year = {2020},
	keywords = {kpe},
	pages = {257--289},
}

@inproceedings{doostmohammadi_persian_2019,
	title = {Persian {Keyphrase} {Generation} {Using} {Sequence}-to-{Sequence} {Models}},
	doi = {10.1109/IranianCEE.2019.8786505},
	booktitle = {2019 27th {Iranian} {Conference} on {Electrical} {Engineering} ({ICEE})},
	author = {Doostmohammadi, E. and Bokaei, M. H. and Sameti, H.},
	month = apr,
	year = {2019},
	note = {ISSN: 2642-9527},
	keywords = {dataset},
	pages = {2010--2015},
}

@inproceedings{mohseni_title_2020,
	title = {Title {Generation} and {Keyphrase} {Extraction} from {Persian} {Scientific} {Texts}},
	doi = {10.1109/CSICC49403.2020.9050113},
	booktitle = {2020 25th {International} {Computer} {Conference}, {Computer} {Society} of {Iran} ({CSICC})},
	author = {Mohseni, M. and Faili, H.},
	month = jan,
	year = {2020},
	keywords = {extraction},
	pages = {1--6},
}

@book{frakes_information_1992,
	address = {USA},
	title = {Information retrieval: data structures and algorithms},
	isbn = {978-0-13-463837-9},
	shorttitle = {Information retrieval},
	publisher = {Prentice-Hall, Inc.},
	editor = {Frakes, William B. and Baeza-Yates, Ricardo},
	year = {1992},
}

@incollection{fox_lexical_1992,
	address = {USA},
	title = {Lexical analysis and stoplists},
	isbn = {978-0-13-463837-9},
	urldate = {2021-01-14},
	booktitle = {Information retrieval: data structures and algorithms},
	publisher = {Prentice-Hall, Inc.},
	author = {Fox, Christopher},
	month = jun,
	year = {1992},
	pages = {102--130},
}

@phdthesis{amar_les_1997,
	address = {Lyon, France},
	type = {Thèse de doctorat},
	title = {Les fondements théoriques de l'indexation: une approche linguistique},
	shorttitle = {Les fondements théoriques de l'indexation},
	language = {français},
	school = {Université Lumière},
	author = {Amar, Muriel},
	collaborator = {Le Guern, Michel},
	year = {1997},
}

@article{luo_sensenet_2020,
	title = {{SenSeNet}: {Neural} {Keyphrase} {Generation} with {Document} {Structure}},
	shorttitle = {{SenSeNet}},
	url = {http://arxiv.org/abs/2012.06754},
	language = {en},
	urldate = {2021-01-18},
	journal = {arXiv:2012.06754 [cs]},
	author = {Luo, Yichao and Li, Zhengyan and Wang, Bingning and Xing, Xiaoyu and Zhang, Qi and Huang, Xuanjing},
	month = dec,
	year = {2020},
	note = {arXiv: 2012.06754},
	keywords = {generation, o2m},
}

@inproceedings{jones_phrasier_1999,
	address = {Berkeley, California, United States},
	title = {Phrasier: a system for interactive document retrieval using keyphrases},
	isbn = {978-1-58113-096-6},
	shorttitle = {Phrasier},
	url = {http://portal.acm.org/citation.cfm?doid=312624.312671},
	doi = {10.1145/312624.312671},
	language = {en},
	urldate = {2021-01-18},
	booktitle = {Proceedings of the 22nd annual international {ACM} {SIGIR} conference on {Research} and development in information retrieval  - {SIGIR} '99},
	publisher = {ACM Press},
	author = {Jones, Steve and Staveley, Mark S.},
	year = {1999},
	pages = {160--167},
}

@inproceedings{cano_keyphrase_2019,
	title = {Keyphrase {Generation}: {A} {Multi}-{Aspect} {Survey}},
	shorttitle = {Keyphrase {Generation}},
	doi = {10.23919/FRUCT48121.2019.8981519},
	booktitle = {2019 25th {Conference} of {Open} {Innovations} {Association} ({FRUCT})},
	author = {Çano, E. and Bojar, O.},
	month = nov,
	year = {2019},
	note = {ISSN: 2305-7254},
	keywords = {meta},
	pages = {85--94},
}

@article{curry_method_1944,
	title = {The method of steepest descent for non-linear minimization problems},
	volume = {2},
	issn = {0033-569X, 1552-4485},
	url = {https://www.ams.org/qam/1944-02-03/S0033-569X-1944-10667-3/},
	doi = {10.1090/qam/10667},
	language = {en},
	number = {3},
	urldate = {2021-02-19},
	journal = {Quarterly of Applied Mathematics},
	author = {Curry, Haskell B.},
	year = {1944},
	pages = {258--261},
}

@inproceedings{gallina_etat_2019,
	address = {Toulouse, France},
	title = {État de l'art des méthodes d'apprentissage profond pour l'extraction automatique de termes-clés},
	url = {https://hal.archives-ouvertes.fr/hal-02395693},
	urldate = {2021-03-01},
	booktitle = {21e {Rencontre} des Étudiants {Chercheurs} en {Informatique} pour le {Traitement} {Automatique} des {Langues} ({RECITAL})},
	author = {Gallina, Ygor},
	month = jul,
	year = {2019},
	keywords = {meta},
}

@article{jones_statistical_1972,
	title = {A statistical interpretation of term specificity and its application in retrieval},
	volume = {28},
	issn = {0022-0418},
	url = {https://doi.org/10.1108/eb026526},
	doi = {10.1108/eb026526},
	language = {en},
	number = {1},
	urldate = {2021-03-04},
	journal = {Journal of Documentation},
	author = {Jones, Karen Spärck},
	month = jan,
	year = {1972},
	note = {Publisher: MCB UP Ltd},
	pages = {11--21},
}

@inproceedings{petrov_universal_2012,
	address = {Istanbul, Turkey},
	title = {A {Universal} {Part}-of-{Speech} {Tagset}},
	url = {http://www.lrec-conf.org/proceedings/lrec2012/pdf/274_Paper.pdf},
	urldate = {2021-03-08},
	booktitle = {Proceedings of the {Eighth} {International} {Conference} on {Language} {Resources} and {Evaluation} ({LREC}'12)},
	publisher = {European Language Resources Association (ELRA)},
	author = {Petrov, Slav and Das, Dipanjan and McDonald, Ryan},
	month = may,
	year = {2012},
	pages = {2089--2096},
}

@article{unisist_indexing_1977,
	title = {Indexing {Principles}},
	volume = {4},
	issn = {0943-7444},
	url = {https://www.nomos-elibrary.de/index.php?doi=10.5771/0943-7444-1977-1-29},
	doi = {10.5771/0943-7444-1977-1-29},
	number = {1},
	urldate = {2021-03-08},
	journal = {KNOWLEDGE ORGANIZATION},
	author = {{UNISIST} and {UNESCO}},
	year = {1977},
	pages = {29--34},
}

@article{zhang_world_2004,
	title = {World {Wide} {Web} site summarization},
	volume = {2},
	issn = {1570-1263},
	url = {https://content.iospress.com/articles/web-intelligence-and-agent-systems-an-international-journal/wia00026},
	language = {en},
	number = {1},
	urldate = {2021-03-11},
	journal = {Web Intelligence and Agent Systems: An International Journal},
	author = {Zhang, Yongzheng and Zincir-Heywood, Nur and Milios, Evangelos},
	month = jan,
	year = {2004},
	note = {Publisher: IOS Press},
	pages = {39--53},
}

@misc{noauthor_rules-based_2018,
	title = {Rules-based tagging for metadata},
	url = {https://media.lac-group.com/blog/rules-based-tagging-metadata/},
	language = {en-US},
	urldate = {2021-03-11},
	journal = {Media and Archive},
	month = may,
	year = {2018},
	note = {Section: Blog},
}

@misc{ellis_new_2015,
	title = {The {New} {York} {Times} built a robot to help make article tagging easier},
	url = {https://www.niemanlab.org/2015/07/the-new-york-times-built-a-robot-to-help-making-article-tagging-easier/},
	urldate = {2021-03-11},
	journal = {Nieman Lab},
	author = {Ellis, Justin},
	month = jun,
	year = {2015},
}

@inproceedings{luong_effective_2015,
	address = {Lisbon, Portugal},
	title = {Effective {Approaches} to {Attention}-based {Neural} {Machine} {Translation}},
	url = {http://aclweb.org/anthology/D15-1166},
	doi = {10.18653/v1/D15-1166},
	language = {en},
	urldate = {2021-03-15},
	booktitle = {Proceedings of the 2015 {Conference} on {Empirical} {Methods} in {Natural} {Language} {Processing}},
	publisher = {Association for Computational Linguistics},
	author = {Luong, Thang and Pham, Hieu and Manning, Christopher D.},
	year = {2015},
	pages = {1412--1421},
}

@phdthesis{ramiandrisoa_detection_2020,
	title = {Détection des signaux faibles dans application des masses de données},
	author = {RAMIANDRISOA, Iarivony Faneva},
	year = {2020},
}

@article{sun_joint_2020,
	title = {Joint {Keyphrase} {Chunking} and {Salience} {Ranking} with {BERT}},
	url = {http://arxiv.org/abs/2004.13639},
	language = {en},
	urldate = {2021-03-19},
	journal = {arXiv:2004.13639 [cs]},
	author = {Sun, Si and Xiong, Chenyan and Liu, Zhenghao and Liu, Zhiyuan and Bao, Jie},
	month = apr,
	year = {2020},
	note = {arXiv: 2004.13639},
	keywords = {extraction, to read, code},
}

@book{minsky_perceptrons_1988,
	address = {Cambridge, MA, USA},
	title = {Perceptrons: expanded edition},
	isbn = {978-0-262-63111-2},
	shorttitle = {Perceptrons},
	publisher = {MIT Press},
	author = {Minsky, Marvin L. and Papert, Seymour A.},
	year = {1988},
}

@inproceedings{wang_disconnected_2018,
	address = {Melbourne, Australia},
	title = {Disconnected {Recurrent} {Neural} {Networks} for {Text} {Categorization}},
	url = {http://aclweb.org/anthology/P18-1215},
	doi = {10.18653/v1/P18-1215},
	language = {en},
	urldate = {2021-03-25},
	booktitle = {Proceedings of the 56th {Annual} {Meeting} of the {Association} for {Computational} {Linguistics} ({Volume} 1: {Long} {Papers})},
	publisher = {Association for Computational Linguistics},
	author = {Wang, Baoxin},
	year = {2018},
	pages = {2311--2320},
}

@inproceedings{zukov-gregoric_named_2018,
	address = {Melbourne, Australia},
	title = {Named {Entity} {Recognition} {With} {Parallel} {Recurrent} {Neural} {Networks}},
	url = {http://aclweb.org/anthology/P18-2012},
	doi = {10.18653/v1/P18-2012},
	language = {en},
	urldate = {2021-03-25},
	booktitle = {Proceedings of the 56th {Annual} {Meeting} of the {Association} for {Computational} {Linguistics} ({Volume} 2: {Short} {Papers})},
	publisher = {Association for Computational Linguistics},
	author = {Žukov-Gregorič, Andrej and Bachrach, Yoram and Coope, Sam},
	year = {2018},
	pages = {69--74},
}

@article{sandhaus_new_2008,
	title = {The new york times annotated corpus},
	volume = {6},
	doi = {https://doi.org/10.35111/77ba-9x74},
	number = {12},
	journal = {Linguistic Data Consortium, Philadelphia},
	author = {Sandhaus, Evan},
	year = {2008},
	keywords = {dataset},
	pages = {e26752},
}

@article{brin_anatomy_1998,
	series = {Proceedings of the {Seventh} {International} {World} {Wide} {Web} {Conference}},
	title = {The anatomy of a large-scale hypertextual {Web} search engine},
	volume = {30},
	issn = {0169-7552},
	url = {https://www.sciencedirect.com/science/article/pii/S016975529800110X},
	doi = {10.1016/S0169-7552(98)00110-X},
	language = {en},
	number = {1},
	urldate = {2021-04-06},
	journal = {Computer Networks and ISDN Systems},
	author = {Brin, Sergey and Page, Lawrence},
	month = apr,
	year = {1998},
	pages = {107--117},
}

@inproceedings{zhang_keyword_2006,
	address = {Berlin, Heidelberg},
	series = {Lecture {Notes} in {Computer} {Science}},
	title = {Keyword {Extraction} {Using} {Support} {Vector} {Machine}},
	isbn = {978-3-540-35226-6},
	doi = {10.1007/11775300_8},
	language = {en},
	booktitle = {Advances in {Web}-{Age} {Information} {Management}},
	publisher = {Springer},
	author = {Zhang, Kuo and Xu, Hui and Tang, Jie and Li, Juanzi},
	editor = {Yu, Jeffrey Xu and Kitsuregawa, Masaru and Leong, Hong Va},
	year = {2006},
	keywords = {kpe},
	pages = {85--96},
}

@inproceedings{medelyan_thesaurus_2006,
	address = {New York, NY, USA},
	series = {{JCDL} '06},
	title = {Thesaurus based automatic keyphrase indexing},
	isbn = {978-1-59593-354-6},
	url = {https://doi.org/10.1145/1141753.1141819},
	doi = {10.1145/1141753.1141819},
	urldate = {2021-04-12},
	booktitle = {Proceedings of the 6th {ACM}/{IEEE}-{CS} joint conference on {Digital} libraries},
	publisher = {Association for Computing Machinery},
	author = {Medelyan, Olena and Witten, Ian H.},
	month = jun,
	year = {2006},
	pages = {296--297},
}

@inproceedings{barker_using_2000,
	address = {Berlin, Heidelberg},
	series = {Lecture {Notes} in {Computer} {Science}},
	title = {Using {Noun} {Phrase} {Heads} to {Extract} {Document} {Keyphrases}},
	isbn = {978-3-540-45486-1},
	doi = {10.1007/3-540-45486-1_4},
	language = {en},
	booktitle = {Advances in {Artificial} {Intelligence}},
	publisher = {Springer},
	author = {Barker, Ken and Cornacchia, Nadia},
	editor = {Hamilton, Howard J.},
	year = {2000},
	keywords = {kpe},
	pages = {40--52},
}

@article{robertson_okapi_1999,
	title = {Okapi at {TREC} 7: automatic ad hoc, ltering, {VLC} and interactive track},
	shorttitle = {Okapi at trec-7},
	language = {en},
	journal = {Proceedings of the Seventh Text REetrieval Conference (TREC-7), 1999},
	author = {Robertson, S E and Walker, S and Beaulieu, M},
	year = {1999},
	pages = {12},
}

@inproceedings{jones_human_2001,
	address = {New York, NY, USA},
	series = {{JCDL} '01},
	title = {Human evaluation of {Kea}, an automatic keyphrasing system},
	isbn = {978-1-58113-345-5},
	url = {https://doi.org/10.1145/379437.379473},
	doi = {10.1145/379437.379473},
	urldate = {2021-04-16},
	booktitle = {Proceedings of the 1st {ACM}/{IEEE}-{CS} joint conference on {Digital} libraries},
	publisher = {Association for Computing Machinery},
	author = {Jones, Steve and Paynter, Gordon W.},
	month = jan,
	year = {2001},
	keywords = {meta},
	pages = {148--156},
}

@inproceedings{partalas_results_2013,
	title = {Results of the {First} {BioASQ} {Workshop}},
	url = {https://hal.archives-ouvertes.fr/hal-00953048},
	language = {en},
	urldate = {2021-04-16},
	booktitle = {Proceedings of the first {Workshop} on {Bio}-{Medical} {Semantic} {Indexing} and {Question} {Answering}, a {Post}-{Conference} {Workshop} of {Conference} and {Labs} of the {Evaluation} {Forum} 2013},
	author = {Partalas, Ioannis and Gaussier, Éric and Ngomo, œ},
	year = {2013},
	pages = {1},
}

@inproceedings{boudin_keyphrase_2020,
	address = {Online},
	title = {Keyphrase {Generation} for {Scientific} {Document} {Retrieval}},
	url = {https://www.aclweb.org/anthology/2020.acl-main.105},
	doi = {10.18653/v1/2020.acl-main.105},
	urldate = {2021-04-27},
	booktitle = {Proceedings of the 58th {Annual} {Meeting} of the {Association} for {Computational} {Linguistics}},
	publisher = {Association for Computational Linguistics},
	author = {Boudin, Florian and Gallina, Ygor and Aizawa, Akiko},
	month = jul,
	year = {2020},
	keywords = {meta},
	pages = {1118--1126},
}

@inproceedings{lai_joint_2020,
	address = {Barcelona, Spain (Online)},
	title = {A {Joint} {Learning} {Approach} based on {Self}-{Distillation} for {Keyphrase} {Extraction} from {Scientific} {Documents}},
	url = {https://www.aclweb.org/anthology/2020.coling-main.56},
	doi = {10.18653/v1/2020.coling-main.56},
	language = {en},
	urldate = {2021-04-27},
	booktitle = {Proceedings of the 28th {International} {Conference} on {Computational} {Linguistics}},
	publisher = {International Committee on Computational Linguistics},
	author = {Lai, Tuan and Bui, Trung and Kim, Doo Soon and Tran, Quan Hung},
	year = {2020},
	keywords = {extraction, to read},
	pages = {649--656},
}

@inproceedings{bahuleyan_diverse_2020,
	address = {Barcelona, Spain (Online)},
	title = {Diverse {Keyphrase} {Generation} with {Neural} {Unlikelihood} {Training}},
	url = {https://www.aclweb.org/anthology/2020.coling-main.462},
	doi = {10.18653/v1/2020.coling-main.462},
	language = {en},
	urldate = {2021-04-27},
	booktitle = {Proceedings of the 28th {International} {Conference} on {Computational} {Linguistics}},
	publisher = {International Committee on Computational Linguistics},
	author = {Bahuleyan, Hareesh and El Asri, Layla},
	year = {2020},
	keywords = {generation, to read, code},
	pages = {5271--5287},
}

@inproceedings{saxena_keygames_2020,
	address = {Barcelona, Spain (Online)},
	title = {{KeyGames}: {A} {Game} {Theoretic} {Approach} to {Automatic} {Keyphrase} {Extraction}},
	shorttitle = {{KeyGames}},
	url = {https://www.aclweb.org/anthology/2020.coling-main.184},
	doi = {10.18653/v1/2020.coling-main.184},
	urldate = {2021-04-27},
	booktitle = {Proceedings of the 28th {International} {Conference} on {Computational} {Linguistics}},
	publisher = {International Committee on Computational Linguistics},
	author = {Saxena, Arnav and Mangal, Mudit and Jain, Goonjan},
	month = dec,
	year = {2020},
	keywords = {kpe, to read},
	pages = {2037--2048},
}

@inproceedings{park_scientific_2020,
	address = {Barcelona, Spain (Online)},
	title = {Scientific {Keyphrase} {Identification} and {Classification} by {Pre}-{Trained} {Language} {Models} {Intermediate} {Task} {Transfer} {Learning}},
	url = {https://www.aclweb.org/anthology/2020.coling-main.472},
	doi = {10.18653/v1/2020.coling-main.472},
	urldate = {2021-04-27},
	booktitle = {Proceedings of the 28th {International} {Conference} on {Computational} {Linguistics}},
	publisher = {International Committee on Computational Linguistics},
	author = {Park, Seoyeon and Caragea, Cornelia},
	month = dec,
	year = {2020},
	keywords = {extraction, to read},
	pages = {5409--5419},
}

@inproceedings{cano_two_2020,
	address = {Marseille, France},
	title = {Two {Huge} {Title} and {Keyword} {Generation} {Corpora} of {Research} {Articles}},
	isbn = {979-10-95546-34-4},
	url = {https://www.aclweb.org/anthology/2020.lrec-1.823},
	language = {English},
	urldate = {2021-04-27},
	booktitle = {Proceedings of the 12th {Language} {Resources} and {Evaluation} {Conference}},
	publisher = {European Language Resources Association},
	author = {Çano, Erion and Bojar, Ondřej},
	month = may,
	year = {2020},
	keywords = {dataset},
	pages = {6663--6671},
}

@inproceedings{patel_exploiting_2021,
	address = {Online},
	title = {Exploiting {Position} and {Contextual} {Word} {Embeddings} for {Keyphrase} {Extraction} from {Scientific} {Papers}},
	url = {https://www.aclweb.org/anthology/2021.eacl-main.136},
	urldate = {2021-04-27},
	booktitle = {Proceedings of the 16th {Conference} of the {European} {Chapter} of the {Association} for {Computational} {Linguistics}: {Main} {Volume}},
	publisher = {Association for Computational Linguistics},
	author = {Patel, Krutarth and Caragea, Cornelia},
	month = apr,
	year = {2021},
	keywords = {kpe, to read},
	pages = {1585--1591},
}

@inproceedings{cano_keyphrase_2019-1,
	address = {Minneapolis, Minnesota},
	title = {Keyphrase {Generation}: {A} {Text} {Summarization} {Struggle}},
	shorttitle = {Keyphrase {Generation}},
	url = {https://www.aclweb.org/anthology/N19-1070},
	doi = {10.18653/v1/N19-1070},
	urldate = {2021-04-27},
	booktitle = {Proceedings of the 2019 {Conference} of the {North} {American} {Chapter} of the {Association} for {Computational} {Linguistics}: {Human} {Language} {Technologies}, {Volume} 1 ({Long} and {Short} {Papers})},
	publisher = {Association for Computational Linguistics},
	author = {Çano, Erion and Bojar, Ondřej},
	month = jun,
	year = {2019},
	keywords = {meta},
	pages = {666--672},
}

@inproceedings{koloski_extending_2021,
	address = {Online},
	title = {Extending {Neural} {Keyword} {Extraction} with {TF}-{IDF} tagset matching},
	url = {https://www.aclweb.org/anthology/2021.hackashop-1.4},
	urldate = {2021-04-27},
	booktitle = {Proceedings of the {EACL} {Hackashop} on {News} {Media} {Content} {Analysis} and {Automated} {Report} {Generation}},
	publisher = {Association for Computational Linguistics},
	author = {Koloski, Boshko and Pollak, Senja and Škrlj, Blaž and Martinc, Matej},
	month = apr,
	year = {2021},
	keywords = {extraction, to read, code},
	pages = {22--29},
}

@inproceedings{yuan_one_2020,
	address = {Online},
	title = {One {Size} {Does} {Not} {Fit} {All}: {Generating} and {Evaluating} {Variable} {Number} of {Keyphrases}},
	shorttitle = {One {Size} {Does} {Not} {Fit} {All}},
	url = {https://www.aclweb.org/anthology/2020.acl-main.710},
	doi = {10.18653/v1/2020.acl-main.710},
	urldate = {2021-04-27},
	booktitle = {Proceedings of the 58th {Annual} {Meeting} of the {Association} for {Computational} {Linguistics}},
	publisher = {Association for Computational Linguistics},
	author = {Yuan, Xingdi and Wang, Tong and Meng, Rui and Thaker, Khushboo and Brusilovsky, Peter and He, Daqing and Trischler, Adam},
	month = jul,
	year = {2020},
	keywords = {generation, o2m, code},
	pages = {7961--7975},
}

@inproceedings{wang_topic-aware_2019,
	address = {Florence, Italy},
	title = {Topic-{Aware} {Neural} {Keyphrase} {Generation} for {Social} {Media} {Language}},
	url = {https://www.aclweb.org/anthology/P19-1240},
	doi = {10.18653/v1/P19-1240},
	urldate = {2021-04-27},
	booktitle = {Proceedings of the 57th {Annual} {Meeting} of the {Association} for {Computational} {Linguistics}},
	publisher = {Association for Computational Linguistics},
	author = {Wang, Yue and Li, Jing and Chan, Hou Pong and King, Irwin and Lyu, Michael R. and Shi, Shuming},
	month = jul,
	year = {2019},
	keywords = {generation, code},
	pages = {2516--2526},
}

@inproceedings{skianis_rep_2020,
	title = {Rep the {Set}: {Neural} {Networks} for {Learning} {Set} {Representations}},
	shorttitle = {Rep the {Set}},
	url = {http://proceedings.mlr.press/v108/skianis20a.html},
	language = {en},
	urldate = {2021-04-28},
	booktitle = {International {Conference} on {Artificial} {Intelligence} and {Statistics}},
	publisher = {PMLR},
	author = {Skianis, Konstantinos and Nikolentzos, Giannis and Limnios, Stratis and Vazirgiannis, Michalis},
	month = jun,
	year = {2020},
	note = {ISSN: 2640-3498},
	keywords = {set},
	pages = {1410--1420},
}

@inproceedings{hou_identification_2019,
	address = {Florence, Italy},
	title = {Identification of {Tasks}, {Datasets}, {Evaluation} {Metrics}, and {Numeric} {Scores} for {Scientific} {Leaderboards} {Construction}},
	url = {https://www.aclweb.org/anthology/P19-1513},
	doi = {10.18653/v1/P19-1513},
	urldate = {2021-04-28},
	booktitle = {Proceedings of the 57th {Annual} {Meeting} of the {Association} for {Computational} {Linguistics}},
	publisher = {Association for Computational Linguistics},
	author = {Hou, Yufang and Jochim, Charles and Gleize, Martin and Bonin, Francesca and Ganguly, Debasis},
	month = jul,
	year = {2019},
	pages = {5203--5213},
}

@inproceedings{holtzman_curious_2019,
	title = {The {Curious} {Case} of {Neural} {Text} {Degeneration}},
	url = {https://openreview.net/forum?id=rygGQyrFvH},
	language = {en},
	urldate = {2021-04-28},
	author = {Holtzman, Ari and Buys, Jan and Du, Li and Forbes, Maxwell and Choi, Yejin},
	month = sep,
	year = {2019},
}

@inproceedings{hajdik_neural_2019,
	address = {Minneapolis, Minnesota},
	title = {Neural {Text} {Generation} from {Rich} {Semantic} {Representations}},
	url = {https://www.aclweb.org/anthology/N19-1235},
	doi = {10.18653/v1/N19-1235},
	urldate = {2021-04-28},
	booktitle = {Proceedings of the 2019 {Conference} of the {North} {American} {Chapter} of the {Association} for {Computational} {Linguistics}: {Human} {Language} {Technologies}, {Volume} 1 ({Long} and {Short} {Papers})},
	publisher = {Association for Computational Linguistics},
	author = {Hajdik, Valerie and Buys, Jan and Goodman, Michael Wayne and Bender, Emily M.},
	month = jun,
	year = {2019},
	pages = {2259--2266},
}

@article{gao_sequential_2019,
	title = {A {Sequential} {Set} {Generation} {Method} for {Predicting} {Set}-{Valued} {Outputs}},
	volume = {33},
	copyright = {Copyright (c) 2019 Association for the Advancement of Artificial Intelligence},
	issn = {2374-3468},
	url = {https://ojs.aaai.org/index.php/AAAI/article/view/4136},
	doi = {10.1609/aaai.v33i01.33012835},
	language = {en},
	number = {01},
	urldate = {2021-04-28},
	journal = {Proceedings of the AAAI Conference on Artificial Intelligence},
	author = {Gao, Tian and Chen, Jie and Chenthamarakshan, Vijil and Witbrock, Michael},
	month = jul,
	year = {2019},
	note = {Number: 01},
	keywords = {set},
	pages = {2835--2842},
}

@inproceedings{devlin_bert_2019,
	address = {Minneapolis, Minnesota},
	title = {{BERT}: {Pre}-training of {Deep} {Bidirectional} {Transformers} for {Language} {Understanding}},
	shorttitle = {{BERT}},
	url = {https://www.aclweb.org/anthology/N19-1423},
	doi = {10.18653/v1/N19-1423},
	urldate = {2021-04-28},
	booktitle = {Proceedings of the 2019 {Conference} of the {North} {American} {Chapter} of the {Association} for {Computational} {Linguistics}: {Human} {Language} {Technologies}, {Volume} 1 ({Long} and {Short} {Papers})},
	publisher = {Association for Computational Linguistics},
	author = {Devlin, Jacob and Chang, Ming-Wei and Lee, Kenton and Toutanova, Kristina},
	month = jun,
	year = {2019},
	pages = {4171--4186},
}

@inproceedings{beltagy_scibert_2019,
	address = {Hong Kong, China},
	title = {{SciBERT}: {A} {Pretrained} {Language} {Model} for {Scientific} {Text}},
	shorttitle = {{SciBERT}},
	url = {https://www.aclweb.org/anthology/D19-1371},
	doi = {10.18653/v1/D19-1371},
	urldate = {2021-04-28},
	booktitle = {Proceedings of the 2019 {Conference} on {Empirical} {Methods} in {Natural} {Language} {Processing} and the 9th {International} {Joint} {Conference} on {Natural} {Language} {Processing} ({EMNLP}-{IJCNLP})},
	publisher = {Association for Computational Linguistics},
	author = {Beltagy, Iz and Lo, Kyle and Cohan, Arman},
	month = nov,
	year = {2019},
	pages = {3615--3620},
}

@inproceedings{balakrishnan_constrained_2019,
	address = {Florence, Italy},
	title = {Constrained {Decoding} for {Neural} {NLG} from {Compositional} {Representations} in {Task}-{Oriented} {Dialogue}},
	url = {https://www.aclweb.org/anthology/P19-1080},
	doi = {10.18653/v1/P19-1080},
	urldate = {2021-04-28},
	booktitle = {Proceedings of the 57th {Annual} {Meeting} of the {Association} for {Computational} {Linguistics}},
	publisher = {Association for Computational Linguistics},
	author = {Balakrishnan, Anusha and Rao, Jinfeng and Upasani, Kartikeya and White, Michael and Subba, Rajen},
	month = jul,
	year = {2019},
	pages = {831--844},
}

@inproceedings{yang_deep_2019,
	address = {Florence, Italy},
	title = {A {Deep} {Reinforced} {Sequence}-to-{Set} {Model} for {Multi}-{Label} {Classification}},
	url = {https://www.aclweb.org/anthology/P19-1518},
	doi = {10.18653/v1/P19-1518},
	urldate = {2021-04-28},
	booktitle = {Proceedings of the 57th {Annual} {Meeting} of the {Association} for {Computational} {Linguistics}},
	publisher = {Association for Computational Linguistics},
	author = {Yang, Pengcheng and Luo, Fuli and Ma, Shuming and Lin, Junyang and Sun, Xu},
	month = jul,
	year = {2019},
	keywords = {set},
	pages = {5252--5258},
}

@inproceedings{varamin_deep_2018,
	address = {New York, NY, USA},
	series = {{MobiQuitous} '18},
	title = {Deep {Auto}-{Set}: {A} {Deep} {Auto}-{Encoder}-{Set} {Network} for {Activity} {Recognition} {Using} {Wearables}},
	isbn = {978-1-4503-6093-7},
	shorttitle = {Deep {Auto}-{Set}},
	url = {https://doi.org/10.1145/3286978.3287024},
	doi = {10.1145/3286978.3287024},
	urldate = {2021-04-28},
	booktitle = {Proceedings of the 15th {EAI} {International} {Conference} on {Mobile} and {Ubiquitous} {Systems}: {Computing}, {Networking} and {Services}},
	publisher = {Association for Computing Machinery},
	author = {Varamin, Alireza Abedin and Abbasnejad, Ehsan and Shi, Qinfeng and Ranasinghe, Damith C. and Rezatofighi, Hamid},
	month = nov,
	year = {2018},
	keywords = {set},
	pages = {246--253},
}

@inproceedings{peters_deep_2018,
	address = {New Orleans, Louisiana},
	title = {Deep {Contextualized} {Word} {Representations}},
	url = {https://www.aclweb.org/anthology/N18-1202},
	doi = {10.18653/v1/N18-1202},
	urldate = {2021-04-28},
	booktitle = {Proceedings of the 2018 {Conference} of the {North} {American} {Chapter} of the {Association} for {Computational} {Linguistics}: {Human} {Language} {Technologies}, {Volume} 1 ({Long} {Papers})},
	publisher = {Association for Computational Linguistics},
	author = {Peters, Matthew and Neumann, Mark and Iyyer, Mohit and Gardner, Matt and Clark, Christopher and Lee, Kenton and Zettlemoyer, Luke},
	month = jun,
	year = {2018},
	keywords = {elmo},
	pages = {2227--2237},
}

@inproceedings{nema_diversity_2017,
	address = {Vancouver, Canada},
	title = {Diversity driven attention model for query-based abstractive summarization},
	url = {https://www.aclweb.org/anthology/P17-1098},
	doi = {10.18653/v1/P17-1098},
	urldate = {2021-04-28},
	booktitle = {Proceedings of the 55th {Annual} {Meeting} of the {Association} for {Computational} {Linguistics} ({Volume} 1: {Long} {Papers})},
	publisher = {Association for Computational Linguistics},
	author = {Nema, Preksha and Khapra, Mitesh M. and Laha, Anirban and Ravindran, Balaraman},
	month = jul,
	year = {2017},
	pages = {1063--1072},
}

@inproceedings{goo_abstractive_2018,
	title = {Abstractive {Dialogue} {Summarization} with {Sentence}-{Gated} {Modeling} {Optimized} by {Dialogue} {Acts}},
	doi = {10.1109/SLT.2018.8639531},
	booktitle = {2018 {IEEE} {Spoken} {Language} {Technology} {Workshop} ({SLT})},
	author = {Goo, Chih-Wen and Chen, Yun-Nung},
	month = dec,
	year = {2018},
	pages = {735--742},
}

@inproceedings{vaswani_attention_2017,
	address = {Red Hook, NY, USA},
	series = {{NIPS}'17},
	title = {Attention is all you need},
	isbn = {978-1-5108-6096-4},
	urldate = {2021-04-28},
	booktitle = {Proceedings of the 31st {International} {Conference} on {Neural} {Information} {Processing} {Systems}},
	publisher = {Curran Associates Inc.},
	author = {Vaswani, Ashish and Shazeer, Noam and Parmar, Niki and Uszkoreit, Jakob and Jones, Llion and Gomez, Aidan N. and Kaiser, Łukasz and Polosukhin, Illia},
	month = dec,
	year = {2017},
	pages = {6000--6010},
}

@inproceedings{subramanian_neural_2018,
	address = {Melbourne, Australia},
	title = {Neural {Models} for {Key} {Phrase} {Extraction} and {Question} {Generation}},
	url = {https://www.aclweb.org/anthology/W18-2609},
	doi = {10.18653/v1/W18-2609},
	urldate = {2021-04-28},
	booktitle = {Proceedings of the {Workshop} on {Machine} {Reading} for {Question} {Answering}},
	publisher = {Association for Computational Linguistics},
	author = {Subramanian, Sandeep and Wang, Tong and Yuan, Xingdi and Zhang, Saizheng and Trischler, Adam and Bengio, Yoshua},
	month = jul,
	year = {2018},
	keywords = {kpe},
	pages = {78--88},
}

@inproceedings{rei_semi-supervised_2017,
	address = {Vancouver, Canada},
	title = {Semi-supervised {Multitask} {Learning} for {Sequence} {Labeling}},
	url = {https://www.aclweb.org/anthology/P17-1194},
	doi = {10.18653/v1/P17-1194},
	urldate = {2021-04-28},
	booktitle = {Proceedings of the 55th {Annual} {Meeting} of the {Association} for {Computational} {Linguistics} ({Volume} 1: {Long} {Papers})},
	publisher = {Association for Computational Linguistics},
	author = {Rei, Marek},
	month = jul,
	year = {2017},
	pages = {2121--2130},
}

@inproceedings{bingel_identifying_2017,
	address = {Valencia, Spain},
	title = {Identifying beneficial task relations for multi-task learning in deep neural networks},
	url = {https://www.aclweb.org/anthology/E17-2026},
	urldate = {2021-04-28},
	booktitle = {Proceedings of the 15th {Conference} of the {European} {Chapter} of the {Association} for {Computational} {Linguistics}: {Volume} 2, {Short} {Papers}},
	publisher = {Association for Computational Linguistics},
	author = {Bingel, Joachim and Søgaard, Anders},
	month = apr,
	year = {2017},
	pages = {164--169},
}

@inproceedings{mou_how_2016,
	address = {Austin, Texas},
	title = {How {Transferable} are {Neural} {Networks} in {NLP} {Applications}?},
	url = {https://www.aclweb.org/anthology/D16-1046},
	doi = {10.18653/v1/D16-1046},
	urldate = {2021-04-28},
	booktitle = {Proceedings of the 2016 {Conference} on {Empirical} {Methods} in {Natural} {Language} {Processing}},
	publisher = {Association for Computational Linguistics},
	author = {Mou, Lili and Meng, Zhao and Yan, Rui and Li, Ge and Xu, Yan and Zhang, Lu and Jin, Zhi},
	month = nov,
	year = {2016},
	pages = {479--489},
}

@inproceedings{li_diversity-promoting_2016,
	address = {San Diego, California},
	title = {A {Diversity}-{Promoting} {Objective} {Function} for {Neural} {Conversation} {Models}},
	url = {https://www.aclweb.org/anthology/N16-1014},
	doi = {10.18653/v1/N16-1014},
	urldate = {2021-04-28},
	booktitle = {Proceedings of the 2016 {Conference} of the {North} {American} {Chapter} of the {Association} for {Computational} {Linguistics}: {Human} {Language} {Technologies}},
	publisher = {Association for Computational Linguistics},
	author = {Li, Jiwei and Galley, Michel and Brockett, Chris and Gao, Jianfeng and Dolan, Bill},
	month = jun,
	year = {2016},
	keywords = {distinct-n, metric},
	pages = {110--119},
}

@inproceedings{lei_rationalizing_2016,
	address = {Austin, Texas},
	title = {Rationalizing {Neural} {Predictions}},
	url = {https://www.aclweb.org/anthology/D16-1011},
	doi = {10.18653/v1/D16-1011},
	urldate = {2021-04-28},
	booktitle = {Proceedings of the 2016 {Conference} on {Empirical} {Methods} in {Natural} {Language} {Processing}},
	publisher = {Association for Computational Linguistics},
	author = {Lei, Tao and Barzilay, Regina and Jaakkola, Tommi},
	month = nov,
	year = {2016},
	pages = {107--117},
}

@inproceedings{vinyals_order_2016,
	title = {Order matters: {Sequence} to sequence for sets},
	shorttitle = {Order matters},
	url = {http://arxiv.org/abs/1511.06391},
	urldate = {2021-04-28},
	booktitle = {International {Conference} on {Learning} {Representations} ({ICLR})},
	author = {Vinyals, Oriol and Bengio, Samy and Kudlur, Manjunath},
	year = {2016},
	keywords = {set},
}

@inproceedings{luong_addressing_2015,
	address = {Beijing, China},
	title = {Addressing the {Rare} {Word} {Problem} in {Neural} {Machine} {Translation}},
	url = {https://www.aclweb.org/anthology/P15-1002},
	doi = {10.3115/v1/P15-1002},
	urldate = {2021-04-28},
	booktitle = {Proceedings of the 53rd {Annual} {Meeting} of the {Association} for {Computational} {Linguistics} and the 7th {International} {Joint} {Conference} on {Natural} {Language} {Processing} ({Volume} 1: {Long} {Papers})},
	publisher = {Association for Computational Linguistics},
	author = {Luong, Thang and Sutskever, Ilya and Le, Quoc and Vinyals, Oriol and Zaremba, Wojciech},
	month = jul,
	year = {2015},
	pages = {11--19},
}

@inproceedings{sutskever_sequence_2014,
	address = {Cambridge, MA, USA},
	series = {{NIPS}'14},
	title = {Sequence to sequence learning with neural networks},
	urldate = {2021-04-28},
	booktitle = {Proceedings of the 27th {International} {Conference} on {Neural} {Information} {Processing} {Systems} - {Volume} 2},
	publisher = {MIT Press},
	author = {Sutskever, Ilya and Vinyals, Oriol and Le, Quoc V.},
	month = dec,
	year = {2014},
	pages = {3104--3112},
}

@inproceedings{cho_learning_2014,
	address = {Doha, Qatar},
	title = {Learning {Phrase} {Representations} using {RNN} {Encoder}–{Decoder} for {Statistical} {Machine} {Translation}},
	url = {https://www.aclweb.org/anthology/D14-1179},
	doi = {10.3115/v1/D14-1179},
	urldate = {2021-04-28},
	booktitle = {Proceedings of the 2014 {Conference} on {Empirical} {Methods} in {Natural} {Language} {Processing} ({EMNLP})},
	publisher = {Association for Computational Linguistics},
	author = {Cho, Kyunghyun and van Merriënboer, Bart and Gulcehre, Caglar and Bahdanau, Dzmitry and Bougares, Fethi and Schwenk, Holger and Bengio, Yoshua},
	month = oct,
	year = {2014},
	keywords = {gru},
	pages = {1724--1734},
}

@inproceedings{turney_coherent_2003,
	address = {San Francisco, CA, USA},
	series = {{IJCAI}'03},
	title = {Coherent keyphrase extraction via web mining},
	urldate = {2021-04-28},
	booktitle = {Proceedings of the 18th international joint conference on {Artificial} intelligence},
	publisher = {Morgan Kaufmann Publishers Inc.},
	author = {Turney, Peter D.},
	month = aug,
	year = {2003},
	keywords = {kpe},
	pages = {434--439},
}

@article{shen_unsupervised_2021,
	title = {Unsupervised {Deep} {Keyphrase} {Generation}},
	url = {http://arxiv.org/abs/2104.08729},
	language = {en},
	urldate = {2021-04-28},
	journal = {arXiv:2104.08729 [cs]},
	author = {Shen, Xianjie and Wang, Yinghan and Meng, Rui and Shang, Jingbo},
	month = apr,
	year = {2021},
	note = {arXiv: 2104.08729},
	keywords = {generation, code},
}

@inproceedings{santosh_sasake_2020,
	address = {Barcelona, Spain (Online)},
	title = {{SaSAKE}: {Syntax} and {Semantics} {Aware} {Keyphrase} {Extraction} from {Research} {Papers}},
	shorttitle = {{SaSAKE}},
	url = {https://www.aclweb.org/anthology/2020.coling-main.469},
	doi = {10.18653/v1/2020.coling-main.469},
	urldate = {2021-04-29},
	booktitle = {Proceedings of the 28th {International} {Conference} on {Computational} {Linguistics}},
	publisher = {International Committee on Computational Linguistics},
	author = {Santosh, T.y.s.s and Kumar Sanyal, Debarshi and Bhowmick, Plaban Kumar and Das, Partha Pratim},
	month = dec,
	year = {2020},
	keywords = {extraction},
	pages = {5372--5383},
}

@inproceedings{augenstein_multi-task_2017,
	address = {Vancouver, Canada},
	title = {Multi-{Task} {Learning} of {Keyphrase} {Boundary} {Classification}},
	url = {https://www.aclweb.org/anthology/P17-2054},
	doi = {10.18653/v1/P17-2054},
	urldate = {2021-04-29},
	booktitle = {Proceedings of the 55th {Annual} {Meeting} of the {Association} for {Computational} {Linguistics} ({Volume} 2: {Short} {Papers})},
	publisher = {Association for Computational Linguistics},
	author = {Augenstein, Isabelle and Søgaard, Anders},
	month = jul,
	year = {2017},
	keywords = {extraction},
	pages = {341--346},
}

@inproceedings{ye_semi-supervised_2018,
	address = {Brussels, Belgium},
	title = {Semi-{Supervised} {Learning} for {Neural} {Keyphrase} {Generation}},
	url = {https://www.aclweb.org/anthology/D18-1447},
	doi = {10.18653/v1/D18-1447},
	urldate = {2021-04-30},
	booktitle = {Proceedings of the 2018 {Conference} on {Empirical} {Methods} in {Natural} {Language} {Processing}},
	publisher = {Association for Computational Linguistics},
	author = {Ye, Hai and Wang, Lu},
	month = oct,
	year = {2018},
	keywords = {generation, o2m},
	pages = {4142--4153},
}

@inproceedings{wasson_using_1998,
	title = {Using {Leading} {Text} for {News} {Summaries}: {Evaluation} {Results} and {Implications} for {Commercial} {Summarization} {Applications}},
	shorttitle = {Using {Leading} {Text} for {News} {Summaries}},
	url = {https://www.aclweb.org/anthology/C98-2217},
	urldate = {2021-05-21},
	booktitle = {{COLING} 1998 {Volume} 2: {The} 17th {International} {Conference} on {Computational} {Linguistics}},
	author = {Wasson, Mark},
	year = {1998},
}

@article{brandow_automatic_1995,
	series = {Summarizing {Text}},
	title = {Automatic condensation of electronic publications by sentence selection},
	volume = {31},
	issn = {0306-4573},
	url = {https://www.sciencedirect.com/science/article/pii/030645739500052I},
	doi = {10.1016/0306-4573(95)00052-I},
	language = {en},
	number = {5},
	urldate = {2021-05-21},
	journal = {Information Processing \& Management},
	author = {Brandow, Ronald and Mitze, Karl and Rau, Lisa F.},
	month = sep,
	year = {1995},
	pages = {675--685},
}

@inproceedings{ma_detecting_2016,
	address = {New York, New York, USA},
	series = {{IJCAI}'16},
	title = {Detecting rumors from microblogs with recurrent neural networks},
	isbn = {978-1-57735-770-4},
	urldate = {2021-05-21},
	booktitle = {Proceedings of the {Twenty}-{Fifth} {International} {Joint} {Conference} on {Artificial} {Intelligence}},
	publisher = {AAAI Press},
	author = {Ma, Jing and Gao, Wei and Mitra, Prasenjit and Kwon, Sejeong and Jansen, Bernard J. and Wong, Kam-Fai and Cha, Meeyoung},
	month = jul,
	year = {2016},
	pages = {3818--3824},
}

@article{ye_one2set_2021,
	title = {{ONE2SET} : {Generating} {Diverse} {Keyphrases} as a {Set}},
	language = {en},
	author = {Ye, Jiacheng and Gui, Tao and Luo, Yichao and Xu, Yige and Zhang, Qi},
	year = {2021},
	keywords = {generation, set, code},
	pages = {11},
}

@article{duguid_newspaper_2010,
	title = {Newspaper discourse informalisation: a diachronic comparison from keywords},
	volume = {5},
	issn = {1749-5032, 1755-1676},
	shorttitle = {Newspaper discourse informalisation},
	url = {https://www.euppublishing.com/doi/10.3366/cor.2010.0102},
	doi = {10.3366/cor.2010.0102},
	language = {en},
	number = {2},
	urldate = {2021-06-01},
	journal = {Corpora},
	author = {Duguid, Alison},
	month = nov,
	year = {2010},
	pages = {109--138},
}

@book{lancaster_indexing_2003,
	address = {Champaign, Ill.},
	title = {Indexing and abstracting in theory and practice},
	isbn = {978-0-87845-122-7},
	language = {en},
	publisher = {University of Illinois},
	author = {Lancaster, F. Wilfrid},
	year = {2003},
	note = {OCLC: 185285797},
}

@inproceedings{gero_word_2021,
	address = {Online},
	title = {Word centrality constrained representation for keyphrase extraction},
	url = {https://www.aclweb.org/anthology/2021.bionlp-1.17},
	urldate = {2021-06-02},
	booktitle = {Proceedings of the 20th {Workshop} on {Biomedical} {Language} {Processing}},
	publisher = {Association for Computational Linguistics},
	author = {Gero, Zelalem and Ho, Joyce},
	month = jun,
	year = {2021},
	keywords = {extraction},
	pages = {155--161},
}

@inproceedings{kontoulis_keyphrase_2021,
	address = {Online},
	title = {Keyphrase {Extraction} from {Scientific} {Articles} via {Extractive} {Summarization}},
	url = {https://www.aclweb.org/anthology/2021.sdp-1.6},
	urldate = {2021-06-02},
	booktitle = {Proceedings of the {Second} {Workshop} on {Scholarly} {Document} {Processing}},
	publisher = {Association for Computational Linguistics},
	author = {Kontoulis, Chrysovalantis Giorgos and Papagiannopoulou, Eirini and Tsoumakas, Grigorios},
	month = jun,
	year = {2021},
	keywords = {meta},
	pages = {49--55},
}

@inproceedings{mork_nlm_2013,
	address = {Valencia, Spain},
	title = {The nlm medical text indexer system for indexing biomedical literature},
	booktitle = {Proceedings of the first {Workshop} on {Bio}-{Medical} {Semantic} {Indexing} and {Question} {Answering},},
	author = {Mork, James G. and Yepes, Antonio J. Jimeno and Aronson, Alan R.},
	year = {2013},
}

@article{hartley_how_2003,
	title = {How useful are 'key words' in scientific journals?},
	volume = {29},
	issn = {0165-5515},
	number = {5},
	journal = {How useful are 'key words' in scientific journals?},
	author = {Hartley, James and Kostoff, Ronald N.},
	year = {2003},
	note = {Num Pages: 6
Place: East Grinstead
Publisher: Bowker-Saur},
	pages = {433--438},
}

@article{gutwin_improving_1999,
	title = {Improving browsing in digital libraries with keyphrase indexes},
	volume = {27},
	issn = {0167-9236},
	url = {https://www.sciencedirect.com/science/article/pii/S016792369900038X},
	doi = {10.1016/S0167-9236(99)00038-X},
	language = {en},
	number = {1},
	urldate = {2021-06-03},
	journal = {Decision Support Systems},
	author = {Gutwin, Carl and Paynter, Gordon and Witten, Ian and Nevill-Manning, Craig and Frank, Eibe},
	month = nov,
	year = {1999},
	keywords = {Browsing interfaces, Digital libraries, Keyphrase extraction, Machine learning, Text mining},
	pages = {81--104},
}

@article{gbur_key_1995,
	title = {Key words and phrases: the key to scholarly visibility and efficiency in an information explosion},
	volume = {49},
	issn = {0003-1305},
	shorttitle = {Key words and phrases},
	number = {1},
	journal = {Key words and phrases: the key to scholarly visibility and efficiency in an information explosion},
	author = {Gbur, E. E and Trumbo, B. E.},
	year = {1995},
	note = {Place: Alexandria, VA
Publisher: American Statistical Association},
	pages = {29--33},
}

@inproceedings{ritchie_how_2006,
	address = {Sydney, Australia},
	title = {How to {Find} {Better} {Index} {Terms} {Through} {Citations}},
	url = {https://www.aclweb.org/anthology/W06-0804},
	urldate = {2021-06-08},
	booktitle = {Proceedings of the {Workshop} on {How} {Can} {Computational} {Linguistics} {Improve} {Information} {Retrieval}?},
	publisher = {Association for Computational Linguistics},
	author = {Ritchie, Anna and Teufel, Simone and Robertson, Stephen},
	month = jul,
	year = {2006},
	pages = {25--32},
}

@inproceedings{zhao_sgg_2021,
	address = {Online},
	title = {{SGG}: {Learning} to {Select}, {Guide}, and {Generate} for {Keyphrase} {Generation}},
	shorttitle = {{SGG}},
	url = {https://www.aclweb.org/anthology/2021.naacl-main.455},
	urldate = {2021-06-10},
	booktitle = {Proceedings of the 2021 {Conference} of the {North} {American} {Chapter} of the {Association} for {Computational} {Linguistics}: {Human} {Language} {Technologies}},
	publisher = {Association for Computational Linguistics},
	author = {Zhao, Jing and Bao, Junwei and Wang, Yifan and Wu, Youzheng and He, Xiaodong and Zhou, Bowen},
	month = jun,
	year = {2021},
	keywords = {generation},
	pages = {5717--5726},
}

@inproceedings{ritchie_comparing_2008,
	address = {New York, NY, USA},
	series = {{CIKM} '08},
	title = {Comparing citation contexts for information retrieval},
	isbn = {978-1-59593-991-3},
	url = {https://doi.org/10.1145/1458082.1458113},
	doi = {10.1145/1458082.1458113},
	urldate = {2021-06-11},
	booktitle = {Proceedings of the 17th {ACM} conference on {Information} and knowledge management},
	publisher = {Association for Computing Machinery},
	author = {Ritchie, Anna and Robertson, Stephen and Teufel, Simone},
	month = oct,
	year = {2008},
	keywords = {citation context analysis, ir evaluation},
	pages = {213--222},
}

@inproceedings{xiong_open_2019,
	address = {Hong Kong, China},
	title = {Open {Domain} {Web} {Keyphrase} {Extraction} {Beyond} {Language} {Modeling}},
	url = {https://www.aclweb.org/anthology/D19-1521},
	doi = {10.18653/v1/D19-1521},
	urldate = {2021-06-11},
	booktitle = {Proceedings of the 2019 {Conference} on {Empirical} {Methods} in {Natural} {Language} {Processing} and the 9th {International} {Joint} {Conference} on {Natural} {Language} {Processing} ({EMNLP}-{IJCNLP})},
	publisher = {Association for Computational Linguistics},
	author = {Xiong, Lee and Hu, Chuan and Xiong, Chenyan and Campos, Daniel and Overwijk, Arnold},
	month = nov,
	year = {2019},
	keywords = {dataset},
	pages = {5175--5184},
}

@inproceedings{doostmohammadi_perkey_2018,
	title = {{PerKey}: {A} {Persian} {News} {Corpus} for {Keyphrase} {Extraction} and {Generation}},
	shorttitle = {{PerKey}},
	doi = {10.1109/ISTEL.2018.8661095},
	booktitle = {2018 9th {International} {Symposium} on {Telecommunications} ({IST})},
	author = {Doostmohammadi, Ehsan and Bokaei, Mohammad Hadi and Sameti, Hossein},
	month = dec,
	year = {2018},
	keywords = {Cleaning, Data mining, Feature extraction, Information retrieval, Keyphrase Extraction, Keyword Extraction, Natural language processing, Persian news corpus, supervised Keyphrase Extraction, Task analysis, Training, unsupervised Keyphrase Extraction},
	pages = {460--465},
}

@inproceedings{boudin_taln_2013,
	address = {Les Sables d'Olonne, France},
	title = {{TALN} {Archives} : a digital archive of {French} research articles in {Natural} {Language} {Processing} ({TALN} {Archives} : une archive numérique francophone des articles de recherche en {Traitement} {Automatique} de la {Langue}) [in {French}]},
	shorttitle = {{TALN} {Archives}},
	url = {https://www.aclweb.org/anthology/F13-2001},
	urldate = {2021-06-18},
	booktitle = {Proceedings of {TALN} 2013 ({Volume} 2: {Short} {Papers})},
	publisher = {ATALA},
	author = {Boudin, Florian},
	month = jun,
	year = {2013},
	pages = {507--514},
}

@article{medelyan_domain-independent_2008,
	title = {Domain-independent automatic keyphrase indexing with small training sets},
	volume = {59},
	issn = {15322882, 15322890},
	url = {http://doi.wiley.com/10.1002/asi.20790},
	doi = {10.1002/asi.20790},
	language = {en},
	number = {7},
	urldate = {2021-06-18},
	journal = {Journal of the American Society for Information Science and Technology},
	author = {Medelyan, Olena and Witten, Ian H.},
	month = may,
	year = {2008},
	pages = {1026--1040},
}

@book{guinchat_introduction_1990,
	address = {Paris},
	title = {Introduction générale aux sciences et techniques de l'information et de la documentation},
	isbn = {978-92-3-202540-1},
	language = {français},
	publisher = {Unesco},
	author = {Guinchat, Claire},
	year = {1990},
}

@incollection{guinchat_indexation_1990,
	address = {Paris},
	title = {L'indexation},
	isbn = {978-92-3-202540-1},
	language = {français},
	booktitle = {Introduction générale aux sciences et techniques de l'information et de la documentation},
	publisher = {Unesco},
	author = {Guinchat, Claire},
	year = {1990},
	pages = {171--181},
}

@article{turney_learning_2000,
	title = {Learning {Algorithms} for {Keyphrase} {Extraction}},
	volume = {2},
	issn = {1573-7659},
	url = {https://doi.org/10.1023/A:1009976227802},
	doi = {10.1023/A:1009976227802},
	language = {en},
	number = {4},
	urldate = {2021-06-23},
	journal = {Information Retrieval},
	author = {Turney, Peter D.},
	month = may,
	year = {2000},
	keywords = {kpe},
	pages = {303--336},
}

@article{porter_algorithm_1980,
	title = {An algorithm for suffix stripping},
	volume = {14},
	issn = {0033-0337},
	url = {https://doi.org/10.1108/eb046814},
	doi = {10.1108/eb046814},
	number = {3},
	urldate = {2021-06-25},
	journal = {Program},
	author = {Porter, M.F.},
	month = jan,
	year = {1980},
	note = {Publisher: MCB UP Ltd},
	pages = {130--137},
}

@inproceedings{zhai_fast_1997,
	address = {Washington, DC, USA},
	title = {Fast {Statistical} {Parsing} of {Noun} {Phrases} for {Document} {Indexing}},
	url = {https://aclanthology.org/A97-1046},
	doi = {10.3115/974557.974603},
	urldate = {2021-07-16},
	booktitle = {Fifth {Conference} on {Applied} {Natural} {Language} {Processing}},
	publisher = {Association for Computational Linguistics},
	author = {Zhai, Chengxiang},
	month = mar,
	year = {1997},
	pages = {312--319},
}

@article{barker_comparative_1972,
	title = {Comparative {Efficiency} of {Searching} {Titles}, {Abstracts}, and {Index} {Terms} in a {Free}‐{Text} {Data} {Base}},
	volume = {28},
	issn = {0022-0418},
	url = {https://www.emerald.com/insight/content/doi/10.1108/eb026527/full/html},
	doi = {10.1108/eb026527},
	language = {en},
	number = {1},
	urldate = {2021-07-16},
	journal = {Journal of Documentation},
	author = {Barker, F.H. and Veal, D.C. and Wyatt, B.K.},
	month = jan,
	year = {1972},
	pages = {22--36},
}

@inproceedings{berend_opinion_2011,
	address = {Chiang Mai, Thailand},
	title = {Opinion {Expression} {Mining} by {Exploiting} {Keyphrase} {Extraction}},
	url = {https://aclanthology.org/I11-1130},
	urldate = {2021-07-16},
	booktitle = {Proceedings of 5th {International} {Joint} {Conference} on {Natural} {Language} {Processing}},
	publisher = {Asian Federation of Natural Language Processing},
	author = {Berend, Gábor},
	month = nov,
	year = {2011},
	pages = {1162--1170},
}

@article{hussey_comparison_2012,
	title = {A comparison of automated keyphrase extraction techniques and of automatic evaluation vs. human evaluation},
	volume = {4},
	issn = {1942-2660},
	url = {http://www.iariajournals.org/life_sciences/},
	number = {3 and 4},
	urldate = {2021-07-16},
	journal = {International Journal on Advances in Life Sciences},
	author = {Hussey, Richard and Williams, Shirley and Mitchell, Richard and Field, Ian},
	year = {2012},
	note = {Number: 3 and 4
Publisher: IARIA},
	pages = {136--153},
}

@inproceedings{collins_document_2019,
	address = {Champaign, Illinois},
	series = {{JCDL} '19},
	title = {Document embeddings vs. keyphrases vs. terms for recommender systems: a large-scale online evaluation},
	isbn = {978-1-72811-547-4},
	shorttitle = {Document embeddings vs. keyphrases vs. terms for recommender systems},
	url = {https://doi.org/10.1109/JCDL.2019.00027},
	doi = {10.1109/JCDL.2019.00027},
	urldate = {2021-07-16},
	booktitle = {Proceedings of the 18th {Joint} {Conference} on {Digital} {Libraries}},
	publisher = {IEEE Press},
	author = {Collins, Andrew and Beel, Joeran},
	month = jun,
	year = {2019},
	pages = {130--133},
}

@inproceedings{boudin_pke_2016,
	address = {Osaka, Japan},
	title = {pke: an open source python-based keyphrase extraction toolkit},
	shorttitle = {pke},
	url = {https://aclanthology.org/C16-2015},
	urldate = {2021-07-16},
	booktitle = {Proceedings of {COLING} 2016, the 26th {International} {Conference} on {Computational} {Linguistics}: {System} {Demonstrations}},
	publisher = {The COLING 2016 Organizing Committee},
	author = {Boudin, Florian},
	month = dec,
	year = {2016},
	pages = {69--73},
}

@inproceedings{wang_how_2014,
	address = {Berlin, Heidelberg},
	series = {{CICLing} 2014},
	title = {How {Preprocessing} {Affects} {Unsupervised} {Keyphrase} {Extraction}},
	isbn = {978-3-642-54905-2},
	url = {https://doi.org/10.1007/978-3-642-54906-9_14},
	doi = {10.1007/978-3-642-54906-9_14},
	urldate = {2021-07-16},
	booktitle = {Proceedings of the 15th {International} {Conference} on {Computational} {Linguistics} and {Intelligent} {Text} {Processing} - {Volume} 8403},
	publisher = {Springer-Verlag},
	author = {Wang, Rui and Liu, Wei and Mcdonald, Chris},
	month = apr,
	year = {2014},
	pages = {163--176},
}

@inproceedings{manning_stanford_2014,
	address = {Baltimore, Maryland},
	title = {The {Stanford} {CoreNLP} {Natural} {Language} {Processing} {Toolkit}},
	url = {https://aclanthology.org/P14-5010},
	doi = {10.3115/v1/P14-5010},
	urldate = {2021-07-16},
	booktitle = {Proceedings of 52nd {Annual} {Meeting} of the {Association} for {Computational} {Linguistics}: {System} {Demonstrations}},
	publisher = {Association for Computational Linguistics},
	author = {Manning, Christopher and Surdeanu, Mihai and Bauer, John and Finkel, Jenny and Bethard, Steven and McClosky, David},
	month = jun,
	year = {2014},
	pages = {55--60},
}

@inproceedings{teneva_salience_2017,
	address = {Vancouver, Canada},
	title = {Salience {Rank}: {Efficient} {Keyphrase} {Extraction} with {Topic} {Modeling}},
	shorttitle = {Salience {Rank}},
	url = {https://aclanthology.org/P17-2084},
	doi = {10.18653/v1/P17-2084},
	urldate = {2021-07-16},
	booktitle = {Proceedings of the 55th {Annual} {Meeting} of the {Association} for {Computational} {Linguistics} ({Volume} 2: {Short} {Papers})},
	publisher = {Association for Computational Linguistics},
	author = {Teneva, Nedelina and Cheng, Weiwei},
	month = jul,
	year = {2017},
	pages = {530--535},
}

@inproceedings{sood_tagassist_2007,
	title = {{TagAssist}: {Automatic} tag suggestion for blog posts},
	shorttitle = {{TagAssist}},
	url = {https://www.scholars.northwestern.edu/en/publications/tagassist-automatic-tag-suggestion-for-blog-posts},
	language = {English (US)},
	urldate = {2021-07-16},
	booktitle = {Proceedings of the 2007 {International} {Conference} on {Weblogs} and {Social} {Media}},
	author = {Sood, Sanjay C. and Hammond, Kristian J. and Sood, Sara Owsley and Birnbaum, Lawrence A.},
	month = dec,
	year = {2007},
}

@inproceedings{kedzie_content_2018,
	address = {Brussels, Belgium},
	title = {Content {Selection} in {Deep} {Learning} {Models} of {Summarization}},
	url = {https://aclanthology.org/D18-1208},
	doi = {10.18653/v1/D18-1208},
	urldate = {2021-07-16},
	booktitle = {Proceedings of the 2018 {Conference} on {Empirical} {Methods} in {Natural} {Language} {Processing}},
	publisher = {Association for Computational Linguistics},
	author = {Kedzie, Chris and McKeown, Kathleen and Daumé III, Hal},
	month = oct,
	year = {2018},
	pages = {1818--1828},
}

@inproceedings{goldstein_summarization_1998,
	address = {Baltimore, Maryland, USA},
	title = {Summarization: (1) {Using} {MMR} for {Diversity}- {Based} {Reranking} and (2) {Evaluating} {Summaries}},
	shorttitle = {Summarization},
	url = {https://aclanthology.org/X98-1025},
	doi = {10.3115/1119089.1119120},
	urldate = {2021-07-16},
	booktitle = {{TIPSTER} {TEXT} {PROGRAM} {PHASE} {III}: {Proceedings} of a {Workshop} held at {Baltimore}, {Maryland}, {October} 13-15, 1998},
	publisher = {Association for Computational Linguistics},
	author = {Goldstein, Jade and Carbonell, Jaime},
	month = oct,
	year = {1998},
	pages = {181--195},
}

@article{paszke_pytorch_2019,
	title = {{PyTorch}: {An} {Imperative} {Style}, {High}-{Performance} {Deep} {Learning} {Library}},
	volume = {32},
	shorttitle = {{PyTorch}},
	url = {https://papers.nips.cc/paper/2019/hash/bdbca288fee7f92f2bfa9f7012727740-Abstract.html},
	language = {en},
	urldate = {2021-07-16},
	journal = {Advances in Neural Information Processing Systems},
	author = {Paszke, Adam and Gross, Sam and Massa, Francisco and Lerer, Adam and Bradbury, James and Chanan, Gregory and Killeen, Trevor and Lin, Zeming and Gimelshein, Natalia and Antiga, Luca and Desmaison, Alban and Kopf, Andreas and Yang, Edward and DeVito, Zachary and Raison, Martin and Tejani, Alykhan and Chilamkurthy, Sasank and Steiner, Benoit and Fang, Lu and Bai, Junjie and Chintala, Soumith},
	year = {2019},
}

@inproceedings{gardner_allennlp_2018,
	address = {Melbourne, Australia},
	title = {{AllenNLP}: {A} {Deep} {Semantic} {Natural} {Language} {Processing} {Platform}},
	shorttitle = {{AllenNLP}},
	url = {https://aclanthology.org/W18-2501},
	doi = {10.18653/v1/W18-2501},
	urldate = {2021-07-16},
	booktitle = {Proceedings of {Workshop} for {NLP} {Open} {Source} {Software} ({NLP}-{OSS})},
	publisher = {Association for Computational Linguistics},
	author = {Gardner, Matt and Grus, Joel and Neumann, Mark and Tafjord, Oyvind and Dasigi, Pradeep and Liu, Nelson F. and Peters, Matthew and Schmitz, Michael and Zettlemoyer, Luke},
	month = jul,
	year = {2018},
	pages = {1--6},
}

@inproceedings{zesch_approximate_2009,
	address = {Borovets, Bulgaria},
	title = {Approximate {Matching} for {Evaluating} {Keyphrase} {Extraction}},
	url = {https://aclanthology.org/R09-1086},
	urldate = {2021-07-16},
	booktitle = {Proceedings of the {International} {Conference} {RANLP}-2009},
	publisher = {Association for Computational Linguistics},
	author = {Zesch, Torsten and Gurevych, Iryna},
	month = sep,
	year = {2009},
	pages = {484--489},
}

@inproceedings{yang_anserini_2017,
	address = {New York, NY, USA},
	series = {{SIGIR} '17},
	title = {Anserini: {Enabling} the {Use} of {Lucene} for {Information} {Retrieval} {Research}},
	isbn = {978-1-4503-5022-8},
	shorttitle = {Anserini},
	url = {https://doi.org/10.1145/3077136.3080721},
	doi = {10.1145/3077136.3080721},
	urldate = {2021-08-23},
	booktitle = {Proceedings of the 40th {International} {ACM} {SIGIR} {Conference} on {Research} and {Development} in {Information} {Retrieval}},
	publisher = {Association for Computing Machinery},
	author = {Yang, Peilin and Fang, Hui and Lin, Jimmy},
	month = aug,
	year = {2017},
	pages = {1253--1256},
}

@techreport{abdul-jaleel_umass_2004,
	address = {Fort Belvoir, VA},
	title = {{UMass} at {TREC} 2004: {Novelty} and {HARD}:},
	shorttitle = {{UMass} at {TREC} 2004},
	url = {http://www.dtic.mil/docs/citations/ADA460118},
	language = {en},
	urldate = {2021-08-23},
	institution = {Defense Technical Information Center},
	author = {Abdul-Jaleel, Nasreen and Allan, James and Croft, W. B. and Diaz, Fernando and Larkey, Leah and Li, Xiaoyan and Smucker, Mark D. and Wade, Courtney},
	month = jan,
	year = {2004},
	doi = {10.21236/ADA460118},
}

@article{lin_neural_2019,
	title = {The {Neural} {Hype} and {Comparisons} {Against} {Weak} {Baselines}},
	volume = {52},
	issn = {0163-5840},
	url = {https://doi.org/10.1145/3308774.3308781},
	doi = {10.1145/3308774.3308781},
	number = {2},
	urldate = {2021-08-23},
	journal = {ACM SIGIR Forum},
	author = {Lin, Jimmy},
	month = jan,
	year = {2019},
	pages = {40--51},
}

@inproceedings{yang_critically_2019,
	address = {New York, NY, USA},
	series = {{SIGIR}'19},
	title = {Critically {Examining} the "{Neural} {Hype}": {Weak} {Baselines} and the {Additivity} of {Effectiveness} {Gains} from {Neural} {Ranking} {Models}},
	isbn = {978-1-4503-6172-9},
	shorttitle = {Critically {Examining} the "{Neural} {Hype}"},
	url = {https://doi.org/10.1145/3331184.3331340},
	doi = {10.1145/3331184.3331340},
	urldate = {2021-08-23},
	booktitle = {Proceedings of the 42nd {International} {ACM} {SIGIR} {Conference} on {Research} and {Development} in {Information} {Retrieval}},
	publisher = {Association for Computing Machinery},
	author = {Yang, Wei and Lu, Kuang and Yang, Peilin and Lin, Jimmy},
	month = jul,
	year = {2019},
	pages = {1129--1132},
}

@inproceedings{he_context-aware_2010,
	address = {New York, NY, USA},
	series = {{WWW} '10},
	title = {Context-aware citation recommendation},
	isbn = {978-1-60558-799-8},
	url = {https://doi.org/10.1145/1772690.1772734},
	doi = {10.1145/1772690.1772734},
	urldate = {2021-08-23},
	booktitle = {Proceedings of the 19th international conference on {World} wide web},
	publisher = {Association for Computing Machinery},
	author = {He, Qi and Pei, Jian and Kifer, Daniel and Mitra, Prasenjit and Giles, Lee},
	month = apr,
	year = {2010},
	pages = {421--430},
}

@inproceedings{smucker_comparison_2007,
	address = {New York, NY, USA},
	series = {{CIKM} '07},
	title = {A comparison of statistical significance tests for information retrieval evaluation},
	isbn = {978-1-59593-803-9},
	url = {https://doi.org/10.1145/1321440.1321528},
	doi = {10.1145/1321440.1321528},
	urldate = {2021-08-23},
	booktitle = {Proceedings of the sixteenth {ACM} conference on {Conference} on information and knowledge management},
	publisher = {Association for Computing Machinery},
	author = {Smucker, Mark D. and Allan, James and Carterette, Ben},
	month = nov,
	year = {2007},
	pages = {623--632},
}

@article{farber_citation_2020,
	title = {Citation recommendation: approaches and datasets},
	volume = {21},
	issn = {1432-1300},
	shorttitle = {Citation recommendation},
	url = {https://doi.org/10.1007/s00799-020-00288-2},
	doi = {10.1007/s00799-020-00288-2},
	language = {en},
	number = {4},
	urldate = {2021-08-23},
	journal = {International Journal on Digital Libraries},
	author = {Färber, Michael and Jatowt, Adam},
	month = dec,
	year = {2020},
	pages = {375--405},
}

@article{billerbeck_document_2005,
	title = {Document {Expansion} versus {Query} {Expansion} for {Ad}-hoc {Retrieval}},
	language = {en},
	journal = {Proceedings of the 10th Australasian Document Computing Symposium},
	author = {Billerbeck, Bodo and Zobel, Justin},
	year = {2005},
	pages = {34--41},
}

@article{furnas_vocabulary_1987,
	title = {The vocabulary problem in human-system communication},
	volume = {30},
	issn = {0001-0782},
	url = {https://doi.org/10.1145/32206.32212},
	doi = {10.1145/32206.32212},
	number = {11},
	urldate = {2021-08-23},
	journal = {Communications of the ACM},
	author = {Furnas, G. W. and Landauer, T. K. and Gomez, L. M. and Dumais, S. T.},
	month = nov,
	year = {1987},
	pages = {964--971},
}

@inproceedings{livne_citesight_2014,
	address = {New York, NY, USA},
	series = {{SIGIR} '14},
	title = {{CiteSight}: supporting contextual citation recommendation using differential search},
	isbn = {978-1-4503-2257-7},
	shorttitle = {{CiteSight}},
	url = {https://doi.org/10.1145/2600428.2609585},
	doi = {10.1145/2600428.2609585},
	urldate = {2021-08-23},
	booktitle = {Proceedings of the 37th international {ACM} {SIGIR} conference on {Research} \& development in information retrieval},
	publisher = {Association for Computing Machinery},
	author = {Livne, Avishay and Gokuladas, Vivek and Teevan, Jaime and Dumais, Susan T. and Adar, Eytan},
	month = jul,
	year = {2014},
	pages = {807--816},
}

@incollection{roy_improved_2017,
	address = {New York, NY, USA},
	title = {An {Improved} {Test} {Collection} and {Baselines} for {Bibliographic} {Citation} {Recommendation}},
	isbn = {978-1-4503-4918-5},
	url = {https://doi.org/10.1145/3132847.3133085},
	urldate = {2021-08-23},
	booktitle = {Proceedings of the 2017 {ACM} on {Conference} on {Information} and {Knowledge} {Management}},
	publisher = {Association for Computing Machinery},
	author = {Roy, Dwaipayan},
	month = nov,
	year = {2017},
	pages = {2271--2274},
}

@inproceedings{kando_overview_2001,
	title = {Overview of the {Second} {NTCIR} {Workshop}},
	booktitle = {Proceedings of the {Second} {NTCIR} {Workshop} on {Research} in {Chinese} \& {Japanese} {Text} {Retrieval} and {Text} {Summarization}},
	author = {Kando, N.},
	year = {2001},
}

@inproceedings{fujita_notes_2001,
	title = {Notes on the {Limits} of {CLIR} {Effectiveness} {NTCIR}-2 {Evaluation} {Experiments} at {Justsystem}},
	language = {en},
	booktitle = {Proceedings of the {Second} {NTCIR} {Workshop} on {Research} in {Chinese} \& {Japanese} {Text} {Retrieval} and {Text} {Summarization}},
	author = {Fujita, Sumio and Corporation, JUSTSYSTEM},
	year = {2001},
	pages = {8},
}

@inproceedings{murata_crl_2001,
	title = {{CRL} at {NTCIR2}},
	language = {en},
	booktitle = {Proceedings of the {Second} {NTCIR} {Workshop} on {Research} in {Chinese} \& {Japanese} {Text} {Retrieval} and {Text} {Summarization}},
	author = {Murata, Masaki and Utiyama, Masao and Ma, Qing and Ozaku, Hiromi and Isahara, Hitoshi},
	year = {2001},
	pages = {11},
}

@inproceedings{chen_berkeley_2001,
	title = {Berkeley at {NTCIR}-2: {Chinese}, {Japanese}, and {English} {IR} {Experiments}},
	language = {en},
	booktitle = {Proceedings of the {Second} {NTCIR} {Workshop} on {Research} in {Chinese} \& {Japanese} {Text} {Retrieval} and {Text} {Summarization}},
	author = {Chen, Aitao and Gey, Fredric C and Jiang, Hailing},
	year = {2001},
	pages = {9},
}

@inproceedings{ponte_language_1998,
	address = {New York, NY, USA},
	series = {{SIGIR} '98},
	title = {A language modeling approach to information retrieval},
	isbn = {978-1-58113-015-7},
	url = {https://doi.org/10.1145/290941.291008},
	doi = {10.1145/290941.291008},
	urldate = {2021-08-27},
	booktitle = {Proceedings of the 21st annual international {ACM} {SIGIR} conference on {Research} and development in information retrieval},
	publisher = {Association for Computing Machinery},
	author = {Ponte, Jay M. and Croft, W. Bruce},
	month = aug,
	year = {1998},
	pages = {275--281},
}

@book{manning_introduction_2009,
	address = {Cambridge, England},
	title = {Introduction to {Information} {Retrieval}},
	language = {en},
	publisher = {Cambridge University Press},
	author = {Manning, Christopher and Raghavan, Prabhakar and Schuetze, Hinrich},
	year = {2009},
}

@article{zhai_study_2017,
	title = {A {Study} of {Smoothing} {Methods} for {Language} {Models} {Applied} to {Ad} {Hoc} {Information} {Retrieval}},
	volume = {51},
	issn = {0163-5840},
	url = {https://doi.org/10.1145/3130348.3130377},
	doi = {10.1145/3130348.3130377},
	number = {2},
	urldate = {2021-09-15},
	journal = {ACM SIGIR Forum},
	author = {Zhai, Chengxiang and Lafferty, John},
	month = aug,
	year = {2017},
	pages = {268--276},
}

@article{el-beltagy_kp-miner_2009,
	title = {{KP}-{Miner}: {A} keyphrase extraction system for {English} and {Arabic} documents},
	volume = {34},
	issn = {0306-4379},
	shorttitle = {{KP}-{Miner}},
	url = {https://doi.org/10.1016/j.is.2008.05.002},
	doi = {10.1016/j.is.2008.05.002},
	number = {1},
	urldate = {2021-09-28},
	journal = {Information Systems},
	author = {El-Beltagy, Samhaa R. and Rafea, Ahmed},
	month = mar,
	year = {2009},
	pages = {132--144},
}

@article{sun_sifrank_2020,
	title = {{SIFRank}: {A} {New} {Baseline} for {Unsupervised} {Keyphrase} {Extraction} {Based} on {Pre}-{Trained} {Language} {Model}},
	volume = {8},
	issn = {2169-3536},
	shorttitle = {{SIFRank}},
	doi = {10.1109/ACCESS.2020.2965087},
	journal = {IEEE Access},
	author = {Sun, Yi and Qiu, Hangping and Zheng, Yu and Wang, Zhongwei and Zhang, Chaoran},
	year = {2020},
	note = {Conference Name: IEEE Access},
	pages = {10896--10906},
}

@inproceedings{rigouts_terryn_termeval_2020,
	address = {Marseille, France},
	title = {{TermEval} 2020: {Shared} {Task} on {Automatic} {Term} {Extraction} {Using} the {Annotated} {Corpora} for {Term} {Extraction} {Research} ({ACTER}) {Dataset}},
	isbn = {979-10-95546-57-3},
	shorttitle = {{TermEval} 2020},
	url = {https://aclanthology.org/2020.computerm-1.12},
	language = {English},
	urldate = {2021-10-28},
	booktitle = {Proceedings of the 6th {International} {Workshop} on {Computational} {Terminology}},
	publisher = {European Language Resources Association},
	author = {Rigouts Terryn, Ayla and Hoste, Veronique and Drouin, Patrick and Lefever, Els},
	month = may,
	year = {2020},
	pages = {85--94},
}

@inproceedings{rajpurkar_know_2018,
	address = {Melbourne, Australia},
	title = {Know {What} {You} {Don}'t {Know}: {Unanswerable} {Questions} for {SQuAD}},
	shorttitle = {Know {What} {You} {Don}'t {Know}},
	url = {https://aclanthology.org/P18-2124},
	doi = {10.18653/v1/P18-2124},
	urldate = {2021-10-28},
	booktitle = {Proceedings of the 56th {Annual} {Meeting} of the {Association} for {Computational} {Linguistics} ({Volume} 2: {Short} {Papers})},
	publisher = {Association for Computational Linguistics},
	author = {Rajpurkar, Pranav and Jia, Robin and Liang, Percy},
	month = jul,
	year = {2018},
	pages = {784--789},
}

@inproceedings{lanza_terminology_2019,
	address = {Toulouse, France},
	title = {Terminology systematization for {Cybersecurity} domain in {Italian} {Language}},
	url = {https://aclanthology.org/2019.jeptalnrecital-tia.1},
	urldate = {2021-10-28},
	booktitle = {Actes de la {Conférence} sur le {Traitement} {Automatique} des {Langues} {Naturelles} ({TALN}) {PFIA} 2019. {Terminologie} et {Intelligence} {Artificielle} (atelier {TALN}-{RECITAL} {\textbackslash}textbackslash\& {IC})},
	publisher = {ATALA},
	author = {Lanza, Claudia and Daille, Béatrice},
	month = jul,
	year = {2019},
	pages = {7--18},
}

@article{popel_transforming_2020,
	title = {Transforming machine translation: a deep learning system reaches news translation quality comparable to human professionals},
	volume = {11},
	copyright = {2020 The Author(s)},
	issn = {2041-1723},
	shorttitle = {Transforming machine translation},
	url = {https://www.nature.com/articles/s41467-020-18073-9},
	doi = {10.1038/s41467-020-18073-9},
	language = {en},
	number = {1},
	urldate = {2021-10-28},
	journal = {Nature Communications},
	author = {Popel, Martin and Tomkova, Marketa and Tomek, Jakub and Kaiser, Łukasz and Uszkoreit, Jakob and Bojar, Ondřej and Žabokrtský, Zdeněk},
	month = sep,
	year = {2020},
	note = {Bandiera\_abtest: a
Cc\_license\_type: cc\_by
Cg\_type: Nature Research Journals
Number: 1
Primary\_atype: Research
Publisher: Nature Publishing Group
Subject\_term: Communication;Computer science;Software
Subject\_term\_id: communication;computer-science;software},
	keywords = {Communication, Computer science, Software},
	pages = {4381},
}

@article{barreaux_indexation_2017,
	title = {Indexation automatique en {SHS} : bilan d’une expérimentation},
	volume = {Volume 54},
	issn = {2428-2111},
	shorttitle = {Indexation automatique en {SHS}},
	url = {https://www.cairn.info/revue-i2d-information-donnees-et-documents-2017-1-page-15.htm},
	language = {fr},
	number = {1},
	urldate = {2021-10-28},
	journal = {I2D - Information, donnees documents},
	author = {Barreaux, Sabine and Daille, Béatrice and Jacquey, Évelyne},
	month = apr,
	year = {2017},
	note = {Bibliographie\_available: 0
Cairndomain: www.cairn.info
Cite Par\_available: 0
Publisher: A.D.B.S.},
	pages = {15--17},
}

@inproceedings{subramanian_neural_2018-1,
	address = {Melbourne, Australia},
	title = {Neural {Models} for {Key} {Phrase} {Extraction} and {Question} {Generation}},
	url = {https://aclanthology.org/W18-2609},
	doi = {10.18653/v1/W18-2609},
	urldate = {2021-10-28},
	booktitle = {Proceedings of the {Workshop} on {Machine} {Reading} for {Question} {Answering}},
	publisher = {Association for Computational Linguistics},
	author = {Subramanian, Sandeep and Wang, Tong and Yuan, Xingdi and Zhang, Saizheng and Trischler, Adam and Bengio, Yoshua},
	month = jul,
	year = {2018},
	pages = {78--88},
}

@incollection{balkan_automatic_2017,
	title = {Automatic indexing of a variable/question bank collection using {KEA}},
	volume = {10},
	isbn = {978-1-78405-214-0},
	language = {English},
	booktitle = {Systèmes d’organisation des connaissances et humanités numériques},
	publisher = {ISTE Group},
	author = {Balkan, Lorna},
	month = apr,
	year = {2017},
	pages = {129--139},
}

@book{pebayle_systemes_2017,
	title = {Systèmes d’organisation des connaissances et humanités numériques: {Actes} du 10ème colloque {ISKO} {France} 2015},
	isbn = {978-1-78405-214-0},
	shorttitle = {Systèmes d’organisation des connaissances et humanités numériques},
	language = {fr},
	publisher = {ISTE Group},
	author = {Pébayle, Emmanuelle Chevry},
	month = apr,
	year = {2017},
	note = {Google-Books-ID: rRZgDwAAQBAJ},
}

@inproceedings{weber_fine_2018,
	address = {New Orleans, Louisiana},
	title = {The {Fine} {Line} between {Linguistic} {Generalization} and {Failure} in {Seq2Seq}-{Attention} {Models}},
	url = {https://aclanthology.org/W18-1004},
	doi = {10.18653/v1/W18-1004},
	urldate = {2021-10-29},
	booktitle = {Proceedings of the {Workshop} on {Generalization} in the {Age} of {Deep} {Learning}},
	publisher = {Association for Computational Linguistics},
	author = {Weber, Noah and Shekhar, Leena and Balasubramanian, Niranjan},
	month = jun,
	year = {2018},
	pages = {24--27},
}

@inproceedings{huang_holes_2019,
	address = {New York, NY, USA},
	series = {{CHIIR} '19},
	title = {Holes in the {Outline}: {Subject}-dependent {Abstract} {Quality} and its {Implications} for {Scientific} {Literature} {Search}},
	isbn = {978-1-4503-6025-8},
	shorttitle = {Holes in the {Outline}},
	url = {https://doi.org/10.1145/3295750.3298953},
	doi = {10.1145/3295750.3298953},
	urldate = {2021-10-29},
	booktitle = {Proceedings of the 2019 {Conference} on {Human} {Information} {Interaction} and {Retrieval}},
	publisher = {Association for Computing Machinery},
	author = {Huang, Chien-yu and Casey, Arlene and Głowacka, Dorota and Medlar, Alan},
	month = mar,
	year = {2019},
	pages = {289--293},
}

@book{peters_advances_2002,
	address = {Rome, Italy},
	title = {Advances in {Cross}-{Language} {Information} {Retrieval}: {Third} {Workshop} of the {Cross}-{Language} {Evaluation} {Forum}, {CLEF} 2002.},
	isbn = {978-3-540-40830-7},
	shorttitle = {Advances in {Cross}-{Language} {Information} {Retrieval}},
	language = {en},
	publisher = {Springer Science \& Business Media},
	author = {Peters, Carol},
	month = sep,
	year = {2002},
	note = {Google-Books-ID: \_Zx55edO2uQC},
}

@book{gonzalo_advances_2003,
	address = {Berlin, Heidelberg},
	series = {Lecture {Notes} in {Computer} {Science}},
	title = {Advances in {Cross}-{Language} {Information} {Retrieval}: {Third} {Workshop} of the {Cross}-{Language} {Evaluation} {Forum}, {CLEF} 2002, {Rome}, {Italy}, {September} 2002. {Revised} {Papers}},
	isbn = {978-3-540-45237-9},
	shorttitle = {Advances in {Cross}-{Language} {Information} {Retrieval}},
	language = {en},
	number = {2785},
	publisher = {Springer-Verlag Berlin Heidelberg Springer e-books},
	author = {Gonzalo, Julio and Braschler, Martin and Peters, Carol},
	year = {2003},
}

@article{fleiss_measuring_1971,
	title = {Measuring nominal scale agreement among many raters},
	volume = {76},
	issn = {1939-1455},
	doi = {10.1037/h0031619},
	number = {5},
	journal = {Psychological Bulletin},
	author = {Fleiss, Joseph L.},
	year = {1971},
	note = {Place: US
Publisher: American Psychological Association},
	pages = {378--382},
}

@book{centre_national_rameau_guide_2017,
	address = {Paris},
	title = {Guide d'indexation {RAMEAU}},
	url = {https://rameau.bnf.fr/sites/default/files/docs_reference/pdf/guide_rameau_2017.pdf},
	language = {français},
	publisher = {Bibliothèque nationale de France},
	author = {{Centre National RAMEAU}},
	year = {2017},
}

@article{menon_les_2007,
	title = {Les langages documentaires},
	volume = {Vol. 44},
	issn = {0012-4508},
	url = {https://www.cairn.info/revue-documentaliste-sciences-de-l-information-2007-1-page-18.htm},
	language = {fr},
	number = {1},
	urldate = {2021-11-05},
	journal = {Documentaliste-Sciences de l'Information},
	author = {Menon, Bruno},
	year = {2007},
	note = {Bibliographie\_available: 1
Cairndomain: www.cairn.info
Cite Par\_available: 1
Publisher: A.D.B.S.},
	pages = {18--28},
}

@article{francis_indexation_2007,
	title = {Indexation collaborative et folksonomies},
	volume = {Vol. 44},
	issn = {0012-4508},
	url = {https://www.cairn.info/revue-documentaliste-sciences-de-l-information-2007-1-page-58.htm},
	language = {fr},
	number = {1},
	urldate = {2021-11-08},
	journal = {Documentaliste-Sciences de l'Information},
	author = {Francis, Élie and Quesnel, Odile},
	year = {2007},
	note = {Bibliographie\_available: 0
Cairndomain: www.cairn.info
Cite Par\_available: 1
Publisher: A.D.B.S.},
	pages = {58--63},
}

@misc{over_introduction_2001,
	title = {Introduction to {DUC}-2001:  an {Intrinsic} {Evaluation} of {Generic} {News} {Text} {Summarization} {Systems}},
	url = {https://www-nlpir.nist.gov/projects/duc/pubs/2001slides/pauls_slides/},
	urldate = {2021-11-09},
	author = {Over, Paul},
	year = {2001},
}

@article{gay_semi-automatic_2005,
	title = {Semi-{Automatic} {Indexing} of {Full} {Text} {Biomedical} {Articles}},
	volume = {2005},
	issn = {1942-597X},
	url = {https://www.ncbi.nlm.nih.gov/pmc/articles/PMC1560666/},
	urldate = {2021-11-09},
	journal = {AMIA Annual Symposium Proceedings},
	author = {Gay, Clifford W. and Kayaalp, Mehmet and Aronson, Alan R.},
	year = {2005},
	pmid = {16779044},
	pmcid = {PMC1560666},
	pages = {271--275},
}

@book{daille_term_2017,
	title = {Term {Variation} in {Specialised} {Corpora}: {Characterisation}, automatic discovery and applications},
	isbn = {978-90-272-6535-7},
	shorttitle = {Term {Variation} in {Specialised} {Corpora}},
	url = {https://www.jbe-platform.com/content/books/9789027265357},
	language = {en},
	urldate = {2021-11-12},
	publisher = {John Benjamins},
	author = {Daille, Béatrice},
	month = aug,
	year = {2017},
	doi = {10.1075/tlrp.19},
}

@inproceedings{cram_terminology_2016,
	address = {Berlin, Germany},
	title = {Terminology {Extraction} with {Term} {Variant} {Detection}},
	url = {https://aclanthology.org/P16-4003},
	doi = {10.18653/v1/P16-4003},
	urldate = {2021-11-19},
	booktitle = {Proceedings of {ACL}-2016 {System} {Demonstrations}},
	publisher = {Association for Computational Linguistics},
	author = {Cram, Damien and Daille, Béatrice},
	month = aug,
	year = {2016},
	pages = {13--18},
}

@techreport{el_hachani_indexation_1997,
	title = {L'indexation automatique},
	language = {fr},
	institution = {Ecole Nationale Supérieure des Sciences de l’Information et des Bibliothèques},
	author = {El Hachani, Mabrouka},
	year = {1997},
}

@article{beall_weaknesses_2008,
	title = {The {Weaknesses} of {Full}-{Text} {Searching}},
	volume = {34},
	issn = {0099-1333},
	url = {https://www.sciencedirect.com/science/article/pii/S0099133308001067},
	doi = {10.1016/j.acalib.2008.06.007},
	language = {en},
	number = {5},
	urldate = {2021-11-25},
	journal = {The Journal of Academic Librarianship},
	author = {Beall, Jeffrey},
	month = sep,
	year = {2008},
	pages = {438--444},
}

@article{peng_deepmesh_2016,
	title = {{DeepMeSH}: deep semantic representation for improving large-scale {MeSH} indexing},
	volume = {32},
	issn = {1367-4803},
	shorttitle = {{DeepMeSH}},
	url = {https://doi.org/10.1093/bioinformatics/btw294},
	doi = {10.1093/bioinformatics/btw294},
	number = {12},
	urldate = {2021-11-25},
	journal = {Bioinformatics},
	author = {Peng, Shengwen and You, Ronghui and Wang, Hongning and Zhai, Chengxiang and Mamitsuka, Hiroshi and Zhu, Shanfeng},
	month = jun,
	year = {2016},
	pages = {i70--i79},
}

@inproceedings{khemiri_manual_2020,
	address = {Tunis, Tunisia},
	series = {{ISKO}-{Maghreb} {Proceedings}},
	title = {From manual indexing to automatic indexing in the era of {Big} {Data} and {Open} {Data}: a state of the art},
	volume = {2},
	shorttitle = {From manual indexing to automatic indexing in the era of {Big} {Data} and {Open} {Data}},
	url = {https://hal.archives-ouvertes.fr/hal-02933709},
	urldate = {2021-11-25},
	booktitle = {Multi-{Conference} {OCTA}'2019 on: {Organization} of {Knowledge} and {Advanced} {Technologies}},
	publisher = {Université de Tunis and ISKO-Maghreb Chapter},
	author = {Khemiri, Nabil and Sidhom, Sahbi},
	month = feb,
	year = {2020},
	note = {Issue: 1},
	pages = {171--175},
}

@inproceedings{salabert_de_vers_2020,
	address = {Nancy, France},
	title = {Vers un corpus optimal pour la fouille de textes : stratégie de constitution de corpus spécialisés à partir d'{ISTEX}},
	shorttitle = {Vers un corpus optimal pour la fouille de textes},
	url = {https://hal.archives-ouvertes.fr/hal-02768520},
	urldate = {2021-11-26},
	booktitle = {6e conférence conjointe {Journées} d'Études sur la {Parole} ({JEP}, 33e édition), {Traitement} {Automatique} des {Langues} {Naturelles} ({TALN}, 27e édition), {Rencontre} des Étudiants {Chercheurs} en {Informatique} pour le {Traitement} {Automatique} des {Langues} ({RÉCITAL}, 22e édition)},
	publisher = {ATALA},
	author = {Salabert de, Camille and Barreaux, Sabine},
	editor = {Benzitoun, Christophe and Braud, Chloé and Huber, Laurine and Langlois, David and Ouni, Slim and Pogodalla, Sylvain and Schneider, Stéphane},
	year = {2020},
	pages = {66--69},
}

@article{kosovac_use_2002,
	title = {Use of {Keyphrase} {Extraction} {Software} for {Creation} of an {AEC}/{FM} {Thesaurus}},
	volume = {5},
	url = {http://itcon.org/paper/2000/2},
	language = {en},
	number = {2},
	urldate = {2021-11-26},
	journal = {Journal of Information Technology in Construction (ITcon)},
	author = {Kosovac, Branka and Vanier, Dana J. and Froese, Thomas M.},
	month = jul,
	year = {2002},
	pages = {25--36},
}

@inproceedings{qazvinian_citation_2010,
	address = {Beijing, China},
	title = {Citation {Summarization} {Through} {Keyphrase} {Extraction}},
	url = {https://aclanthology.org/C10-1101},
	urldate = {2021-11-26},
	booktitle = {Proceedings of the 23rd {International} {Conference} on {Computational} {Linguistics} ({Coling} 2010)},
	publisher = {Coling 2010 Organizing Committee},
	author = {Qazvinian, Vahed and Radev, Dragomir R. and Özgür, Arzucan},
	month = aug,
	year = {2010},
	pages = {895--903},
}

@article{zhang_automatic_2008,
	title = {Automatic {Keyword} {Extraction} from {Documents} {Using} {Conditional} {Random} {Fields}},
	language = {en},
	author = {Zhang, Chengzhi and Wang, Huilin and Liu, Yao and Wu, Dan and Liao, Yi and Wang, Bo},
	year = {2008},
	pages = {11},
}

@article{willis_random_2013,
	title = {A random walk on an ontology: {Using} thesaurus structure for automatic subject indexing},
	volume = {64},
	issn = {1532-2890},
	shorttitle = {A random walk on an ontology},
	url = {https://onlinelibrary.wiley.com/doi/abs/10.1002/asi.22853},
	doi = {10.1002/asi.22853},
	language = {en},
	number = {7},
	urldate = {2021-12-17},
	journal = {Journal of the American Society for Information Science and Technology},
	author = {Willis, Craig and Losee, Robert M.},
	year = {2013},
	note = {\_eprint: https://onlinelibrary.wiley.com/doi/pdf/10.1002/asi.22853},
	pages = {1330--1344},
}

@article{hochreiter_long_1997,
	title = {Long {Short}-{Term} {Memory}},
	volume = {9},
	issn = {0899-7667},
	url = {https://doi.org/10.1162/neco.1997.9.8.1735},
	doi = {10.1162/neco.1997.9.8.1735},
	number = {8},
	urldate = {2021-12-28},
	journal = {Neural Computation},
	author = {Hochreiter, Sepp and Schmidhuber, Jürgen},
	month = nov,
	year = {1997},
	pages = {1735--1780},
}

@inproceedings{pennington_glove_2014,
	address = {Doha, Qatar},
	title = {Glove: {Global} {Vectors} for {Word} {Representation}},
	shorttitle = {Glove},
	url = {http://aclweb.org/anthology/D14-1162},
	doi = {10.3115/v1/D14-1162},
	language = {en},
	urldate = {2021-12-23},
	booktitle = {Proceedings of the 2014 {Conference} on {Empirical} {Methods} in {Natural} {Language} {Processing} ({EMNLP})},
	publisher = {Association for Computational Linguistics},
	author = {Pennington, Jeffrey and Socher, Richard and Manning, Christopher},
	year = {2014},
	pages = {1532--1543},
}

@article{bojanowski_enriching_2017,
	title = {Enriching {Word} {Vectors} with {Subword} {Information}},
	volume = {5},
	issn = {2307-387X},
	url = {https://direct.mit.edu/tacl/article/43387},
	doi = {10.1162/tacl_a_00051},
	language = {en},
	urldate = {2021-12-23},
	journal = {Transactions of the Association for Computational Linguistics},
	author = {Bojanowski, Piotr and Grave, Edouard and Joulin, Armand and Mikolov, Tomas},
	month = dec,
	year = {2017},
	pages = {135--146},
}

@misc{mikolov_efficient_2013,
	title = {Efficient {Estimation} of {Word} {Representations} in {Vector} {Space}},
	url = {http://arxiv.org/abs/1301.3781},
	urldate = {2021-12-23},
	author = {Mikolov, Tomas and Chen, Kai and Corrado, Greg S. and Dean, Jeffrey},
	year = {2013},
}

@article{williams_simple_1992,
	title = {Simple statistical gradient-following algorithms for connectionist reinforcement learning},
	volume = {8},
	issn = {1573-0565},
	url = {https://doi.org/10.1007/BF00992696},
	doi = {10.1007/BF00992696},
	language = {en},
	number = {3},
	urldate = {2022-01-04},
	journal = {Machine Learning},
	author = {Williams, Ronald J.},
	month = may,
	year = {1992},
	pages = {229--256},
}

@inproceedings{cuxac_archives_2017,
	address = {Grenoble, France},
	title = {Archives numériques et fouille de textes : le projet {ISTEX}},
	url = {https://www.egc.asso.fr/wp-content/uploads/egc2017_atelier_TextMine.pdf},
	language = {fr},
	booktitle = {Actes de l'{Atelier} sur la {Fouille} de {Textes} {TextMine} organisé conjointement a la conference {EGC} {Extraction} et {Gestion} des {Connaissances}},
	author = {Cuxac, Pascal and Thouvenin, Nicolas},
	month = jan,
	year = {2017},
	pages = {10},
}

@article{xu_show_2016,
	title = {Show, {Attend} and {Tell}: {Neural} {Image} {Caption} {Generation} with {Visual} {Attention}},
	shorttitle = {Show, {Attend} and {Tell}},
	url = {http://arxiv.org/abs/1502.03044},
	language = {en},
	urldate = {2022-01-08},
	journal = {arXiv:1502.03044 [cs]},
	author = {Xu, Kelvin and Ba, Jimmy and Kiros, Ryan and Cho, Kyunghyun and Courville, Aaron and Salakhutdinov, Ruslan and Zemel, Richard and Bengio, Yoshua},
	month = apr,
	year = {2016},
	note = {arXiv: 1502.03044},
	keywords = {Computer Science - Computer Vision and Pattern Recognition, Computer Science - Machine Learning},
}

@inproceedings{rello_keyword_2014,
	address = {Gothenburg, Sweden},
	title = {Keyword {Highlighting} {Improves} {Comprehension} for {People} with {Dyslexia}},
	url = {http://aclweb.org/anthology/W14-1204},
	doi = {10.3115/v1/W14-1204},
	language = {en},
	urldate = {2022-01-13},
	booktitle = {Proceedings of the 3rd {Workshop} on {Predicting} and {Improving} {Text} {Readability} for {Target} {Reader} {Populations} ({PITR})},
	publisher = {Association for Computational Linguistics},
	author = {Rello, Luz and Saggion, Horacio and Baeza-Yates, Ricardo},
	year = {2014},
	pages = {30--37},
}

@article{schluter_critical_nodate,
	title = {A critical survey on measuring success in rank-based keyword assignment to documents},
	language = {en},
	author = {Schluter, Natalie},
	pages = {6},
}

@inproceedings{ahmad_select_2021,
	address = {Online},
	title = {Select, {Extract} and {Generate}: {Neural} {Keyphrase} {Generation} with {Layer}-wise {Coverage} {Attention}},
	shorttitle = {Select, {Extract} and {Generate}},
	url = {https://aclanthology.org/2021.acl-long.111},
	doi = {10.18653/v1/2021.acl-long.111},
	urldate = {2022-01-13},
	booktitle = {Proceedings of the 59th {Annual} {Meeting} of the {Association} for {Computational} {Linguistics} and the 11th {International} {Joint} {Conference} on {Natural} {Language} {Processing} ({Volume} 1: {Long} {Papers})},
	publisher = {Association for Computational Linguistics},
	author = {Ahmad, Wasi and Bai, Xiao and Lee, Soomin and Chang, Kai-Wei},
	month = aug,
	year = {2021},
	keywords = {generation},
	pages = {1389--1404},
}

@inproceedings{kim_structure-augmented_2021,
	address = {Online and Punta Cana, Dominican Republic},
	title = {Structure-{Augmented} {Keyphrase} {Generation}},
	url = {https://aclanthology.org/2021.emnlp-main.209},
	doi = {10.18653/v1/2021.emnlp-main.209},
	urldate = {2022-01-13},
	booktitle = {Proceedings of the 2021 {Conference} on {Empirical} {Methods} in {Natural} {Language} {Processing}},
	publisher = {Association for Computational Linguistics},
	author = {Kim, Jihyuk and Jeong, Myeongho and Choi, Seungtaek and Hwang, Seung-won},
	month = nov,
	year = {2021},
	keywords = {generation},
	pages = {2657--2667},
}

@inproceedings{santosh_hicova_2021,
	address = {Virtual Event Queensland Australia},
	title = {{HiCoVA}: {Hierarchical} {Conditional} {Variational} {Autoencoder} for {Keyphrase} {Generation}},
	isbn = {978-1-4503-8446-9},
	shorttitle = {{HiCoVA}},
	url = {https://dl.acm.org/doi/10.1145/3459637.3482119},
	doi = {10.1145/3459637.3482119},
	language = {en},
	urldate = {2022-01-13},
	booktitle = {Proceedings of the 30th {ACM} {International} {Conference} on {Information} \& {Knowledge} {Management}},
	publisher = {ACM},
	author = {Santosh, Tokala Yaswanth Sri Sai and Varimalla, Nikhil Reddy and Vallabhajosyula, Anoop and Sanyal, Debarshi Kumar and Das, Partha Pratim},
	month = oct,
	year = {2021},
	keywords = {generation},
	pages = {3448--3452},
}

@inproceedings{ye_heterogeneous_2021,
	address = {Online and Punta Cana, Dominican Republic},
	title = {Heterogeneous {Graph} {Neural} {Networks} for {Keyphrase} {Generation}},
	url = {https://aclanthology.org/2021.emnlp-main.213},
	doi = {10.18653/v1/2021.emnlp-main.213},
	language = {en},
	urldate = {2022-01-13},
	booktitle = {Proceedings of the 2021 {Conference} on {Empirical} {Methods} in {Natural} {Language} {Processing}},
	publisher = {Association for Computational Linguistics},
	author = {Ye, Jiacheng and Cai, Ruijian and Gui, Tao and Zhang, Qi},
	year = {2021},
	keywords = {generation},
	pages = {2705--2715},
}

@inproceedings{knittel_elske_2021,
	address = {Limerick Ireland},
	title = {{ELSKE}: efficient large-scale keyphrase extraction},
	isbn = {978-1-4503-8596-1},
	shorttitle = {{ELSKE}},
	url = {https://dl.acm.org/doi/10.1145/3469096.3474930},
	doi = {10.1145/3469096.3474930},
	language = {en},
	urldate = {2022-01-13},
	booktitle = {Proceedings of the 21st {ACM} {Symposium} on {Document} {Engineering}},
	publisher = {ACM},
	author = {Knittel, Johannes and Koch, Steffen and Ertl, Thomas},
	month = aug,
	year = {2021},
	pages = {1--4},
}

@inproceedings{song_importance_2021,
	address = {Online and Punta Cana, Dominican Republic},
	title = {Importance {Estimation} from {Multiple} {Perspectives} for {Keyphrase} {Extraction}},
	url = {https://aclanthology.org/2021.emnlp-main.215},
	doi = {10.18653/v1/2021.emnlp-main.215},
	language = {en},
	urldate = {2022-01-13},
	booktitle = {Proceedings of the 2021 {Conference} on {Empirical} {Methods} in {Natural} {Language} {Processing}},
	publisher = {Association for Computational Linguistics},
	author = {Song, Mingyang and Jing, Liping and Xiao, Lin},
	year = {2021},
	keywords = {extraction},
	pages = {2726--2736},
}

@article{radford_language_2019,
	title = {Language {Models} are {Unsupervised} {Multitask} {Learners}},
	language = {en},
	author = {Radford, Alec and Wu, Jeffrey and Child, Rewon and Luan, David and Amodei, Dario and Sutskever, Ilya},
	year = {2019},
	pages = {24},
}

@inproceedings{wang_glue_2018,
	address = {Brussels, Belgium},
	title = {{GLUE}: {A} {Multi}-{Task} {Benchmark} and {Analysis} {Platform} for {Natural} {Language} {Understanding}},
	shorttitle = {{GLUE}},
	url = {http://aclweb.org/anthology/W18-5446},
	doi = {10.18653/v1/W18-5446},
	language = {en},
	urldate = {2022-01-17},
	booktitle = {Proceedings of the 2018 {EMNLP} {Workshop} {BlackboxNLP}: {Analyzing} and {Interpreting} {Neural} {Networks} for {NLP}},
	publisher = {Association for Computational Linguistics},
	author = {Wang, Alex and Singh, Amanpreet and Michael, Julian and Hill, Felix and Levy, Omer and Bowman, Samuel},
	year = {2018},
	pages = {353--355},
}

@inproceedings{boudin_redefining_2021,
	address = {Online},
	title = {Redefining {Absent} {Keyphrases} and their {Effect} on {Retrieval} {Effectiveness}},
	url = {https://aclanthology.org/2021.naacl-main.330},
	doi = {10.18653/v1/2021.naacl-main.330},
	language = {en},
	urldate = {2022-01-19},
	booktitle = {Proceedings of the 2021 {Conference} of the {North} {American} {Chapter} of the {Association} for {Computational} {Linguistics}: {Human} {Language} {Technologies}},
	publisher = {Association for Computational Linguistics},
	author = {Boudin, Florian and Gallina, Ygor},
	year = {2021},
	keywords = {meta},
	pages = {4185--4193},
}

@article{martinc_tnt-kid_2021,
	title = {{TNT}-{KID}: {Transformer}-based neural tagger for keyword identification},
	issn = {1351-3249, 1469-8110},
	shorttitle = {{TNT}-{KID}},
	url = {https://www.cambridge.org/core/journals/natural-language-engineering/article/tntkid-transformerbased-neural-tagger-for-keyword-identification/A41C8B12C1F3F4F02BF839FCAFA1A695},
	doi = {10.1017/S1351324921000127},
	language = {en},
	urldate = {2022-01-19},
	journal = {Natural Language Engineering},
	author = {Martinc, Matej and Škrlj, Blaž and Pollak, Senja},
	month = jun,
	year = {2021},
	note = {Publisher: Cambridge University Press},
	keywords = {extraction},
	pages = {1--40},
}

@inproceedings{meng_empirical_2021,
	address = {Online},
	title = {An {Empirical} {Study} on {Neural} {Keyphrase} {Generation}},
	url = {https://aclanthology.org/2021.naacl-main.396},
	doi = {10.18653/v1/2021.naacl-main.396},
	language = {en},
	urldate = {2022-01-19},
	booktitle = {Proceedings of the 2021 {Conference} of the {North} {American} {Chapter} of the {Association} for {Computational} {Linguistics}: {Human} {Language} {Technologies}},
	publisher = {Association for Computational Linguistics},
	author = {Meng, Rui and Yuan, Xingdi and Wang, Tong and Zhao, Sanqiang and Trischler, Adam and He, Daqing},
	year = {2021},
	keywords = {meta},
	pages = {4985--5007},
}
@inproceedings{boudin_acm-cr_2021,
	title = {{ACM}-{CR}: {A} {Manually} {Annotated} {Test} {Collection} for {Citation} {Recommendation}},
	shorttitle = {{ACM}-{CR}},
	doi = {10.1109/JCDL52503.2021.00035},
	booktitle = {2021 {ACM}/{IEEE} {Joint} {Conference} on {Digital} {Libraries} ({JCDL})},
	author = {Boudin, Florian},
	month = sep,
	year = {2021},
	pages = {280--281},
}

@inproceedings{mothe_automatic_2018,
	address = {New York, NY, USA},
	series = {{SAC} '18},
	title = {Automatic keyphrase extraction using graph-based methods},
	isbn = {978-1-4503-5191-1},
	url = {https://doi.org/10.1145/3167132.3167392},
	doi = {10.1145/3167132.3167392},
	urldate = {2022-03-17},
	booktitle = {Proceedings of the 33rd {Annual} {ACM} {Symposium} on {Applied} {Computing}},
	publisher = {Association for Computing Machinery},
	author = {Mothe, Josiane and Ramiandrisoa, Faneva and Rasolomanana, Michael},
	month = apr,
	year = {2018},
	pages = {728--730},
}

@inproceedings{thakur_beir_2021,
	title = {{BEIR}: {A} {Heterogeneous} {Benchmark} for {Zero}-shot {Evaluation} of {Information} {Retrieval} {Models}},
	shorttitle = {{BEIR}},
	url = {https://openreview.net/forum?id=wCu6T5xFjeJ},
	abstract = {A novel heterogeneous zero-shot retrieval benchmark containing 18 datasets from diverse text retrieval tasks and domains.},
	language = {en},
	urldate = {2022-03-24},
	author = {Thakur, Nandan and Reimers, Nils and Rücklé, Andreas and Srivastava, Abhishek and Gurevych, Iryna},
	month = aug,
	year = {2021},
	file = {Full Text PDF:files/1376/Thakur et al. - 2021 - BEIR A Heterogeneous Benchmark for Zero-shot Eval.pdf:application/pdf;Snapshot:files/1377/forum.html:text/html},
}